day;timestamp;product;bid_price_1;bid_volume_1;bid_price_2;bid_volume_2;bid_price_3;bid_volume_3;ask_price_1;ask_volume_1;ask_price_2;ask_volume_2;ask_price_3;ask_volume_3;mid_price;profit_and_loss
-1;0;PEARLS;9998;1;9995;30;;;10005;30;;;;;10001.5;0.0
-1;0;BANANAS;4946;1;4945;30;;;4952;30;;;;;4949.0;0.0
-1;100;PEARLS;9996;1;9995;30;;;10002;6;10004;1;10005;30;9999.0;0.0
-1;100;BANANAS;4945;31;;;;;4950;7;4952;31;;;4947.5;0.0
-1;200;BANANAS;4945;22;;;;;4951;1;4952;21;;;4948.0;0.0
-1;200;PEARLS;9996;1;9995;21;;;10004;1;10005;21;;;10000.0;0.0
-1;300;PEARLS;9996;2;9995;23;;;9998;3;10004;2;10005;23;9997.0;0.0
-1;300;BANANAS;4945;25;;;;;4952;25;;;;;4948.5;0.0
-1;400;PEARLS;9998;5;9996;2;9995;23;10004;2;10005;23;;;10001.0;0.0
-1;400;BANANAS;4946;5;4945;25;;;4952;25;;;;;4949.0;0.0
-1;500;PEARLS;10002;1;9996;2;9995;22;10004;2;10005;22;;;10003.0;0.0
-1;500;BANANAS;4945;24;;;;;4952;24;;;;;4948.5;0.0
-1;600;BANANAS;4946;2;4945;24;;;4950;9;4952;26;;;4948.0;0.0
-1;600;PEARLS;9996;2;9995;24;;;10002;9;10004;2;10005;24;9999.0;5.0
-1;700;PEARLS;9998;7;9995;27;;;10005;27;;;;;10001.5;5.0
-1;700;BANANAS;4946;7;4945;27;;;4952;27;;;;;4949.0;0.0
-1;800;PEARLS;9995;26;;;;;10005;26;;;;;10000.0;5.0
-1;800;BANANAS;4944;26;;;;;4951;26;;;;;4947.5;0.0
-1;900;BANANAS;4944;2;4943;27;;;4950;29;;;;;4947.0;0.0
-1;900;PEARLS;9996;2;9995;27;;;10004;2;10005;27;;;10000.0;5.0
-1;1000;BANANAS;4944;28;;;;;4950;2;4951;26;;;4947.0;0.0
-1;1000;PEARLS;9996;2;9995;26;;;10004;2;10005;26;;;10000.0;5.0
-1;1100;BANANAS;4944;25;;;;;4950;2;4951;23;;;4947.0;0.0
-1;1100;PEARLS;9996;2;9995;23;;;10004;2;10005;23;;;10000.0;5.0
-1;1200;PEARLS;9998;9;9996;2;9995;28;10004;2;10005;28;;;10001.0;5.0
-1;1200;BANANAS;4945;9;4944;30;;;4951;30;;;;;4948.0;0.0
-1;1300;PEARLS;9996;1;9995;27;;;10004;1;10005;27;;;10000.0;5.0
-1;1300;BANANAS;4944;28;;;;;4946;4;4951;28;;;4945.0;0.0
-1;1400;BANANAS;4945;25;;;;;4951;2;4952;24;;;4948.0;8.837890625
-1;1400;PEARLS;9996;2;9995;24;;;10004;2;10005;24;;;10000.0;5.0
-1;1500;PEARLS;10002;1;9996;2;9995;20;10004;2;10005;20;;;10003.0;5.0
-1;1500;BANANAS;4950;1;4945;2;4944;20;4951;22;;;;;4950.5;7.228515625
-1;1600;PEARLS;9996;1;9995;22;;;10004;1;10005;22;;;10000.0;7.0
-1;1600;BANANAS;4945;23;;;;;4951;1;4952;22;;;4948.0;10.439453125
-1;1700;PEARLS;9995;27;;;;;10005;27;;;;;10000.0;7.0
-1;1700;BANANAS;4945;27;;;;;4948;2;4952;27;;;4946.5;12.8271484375
-1;1800;BANANAS;4946;2;4945;25;;;4952;27;;;;;4949.0;13.9140625
-1;1800;PEARLS;9996;2;9995;25;;;10004;2;10005;25;;;10000.0;7.0
-1;1900;PEARLS;9996;2;9995;29;;;10004;2;10005;29;;;10000.0;7.0
-1;1900;BANANAS;4945;31;;;;;4952;31;;;;;4948.5;11.41015625
-1;2000;PEARLS;9996;1;9995;25;;;10002;7;10004;1;10005;25;9999.0;7.0
-1;2000;BANANAS;4945;26;;;;;4950;7;4951;1;4952;25;4947.5;11.22265625
-1;2100;PEARLS;9995;23;;;;;10005;23;;;;;10000.0;7.0
-1;2100;BANANAS;4945;23;;;;;4952;23;;;;;4948.5;12.146484375
-1;2200;BANANAS;4945;32;;;;;4952;32;;;;;4948.5;13.49609375
-1;2200;PEARLS;9996;2;9995;30;;;10004;2;10005;30;;;10000.0;7.0
-1;2300;PEARLS;9996;2;9995;22;;;10004;2;10005;22;;;10000.0;7.0
-1;2300;BANANAS;4946;2;4945;22;;;4952;24;;;;;4949.0;14.607421875
-1;2400;PEARLS;9998;4;9996;2;9995;23;10004;2;10005;23;;;10001.0;7.0
-1;2400;BANANAS;4951;3;4948;4;4947;25;4953;2;4954;23;;;4952.0;20.69140625
-1;2500;BANANAS;4947;1;4946;20;;;4948;5;4953;21;;;4947.5;22.603515625
-1;2500;PEARLS;9996;1;9995;20;;;10004;1;10005;20;;;10000.0;7.0
-1;2600;BANANAS;4946;25;;;;;4953;25;;;;;4949.5;29.55078125
-1;2600;PEARLS;9995;25;;;;;10005;25;;;;;10000.0;7.0
-1;2700;BANANAS;4947;10;4946;24;;;4953;25;;;;;4950.0;31.54296875
-1;2700;PEARLS;9998;4;9996;1;9995;24;10004;1;10005;24;;;10001.0;7.0
-1;2800;PEARLS;9998;5;9995;29;;;10005;29;;;;;10001.5;7.0
-1;2800;BANANAS;4952;1;4947;5;4946;29;4953;29;;;;;4952.5;30.04296875
-1;2900;BANANAS;4946;25;;;;;4953;25;;;;;4949.5;31.39453125
-1;2900;PEARLS;10002;10;9996;2;9995;23;10004;2;10005;23;;;10003.0;7.0
-1;3000;BANANAS;4946;31;;;;;4953;31;;;;;4949.5;31.654296875
-1;3000;PEARLS;9996;2;9995;29;;;10004;2;10005;29;;;10000.0;7.0
-1;3100;BANANAS;4947;27;;;;;4953;2;4954;26;;;4950.0;35.486328125
-1;3100;PEARLS;9996;2;9995;26;;;10004;2;10005;26;;;10000.0;7.0
-1;3200;PEARLS;9996;2;9995;30;;;10002;6;10004;2;10005;30;9999.0;7.0
-1;3200;BANANAS;4947;2;4946;30;;;4951;6;4953;32;;;4949.0;34.03515625
-1;3300;BANANAS;4946;28;;;;;4953;28;;;;;4949.5;30.728515625
-1;3300;PEARLS;9996;2;9995;26;;;10004;2;10005;26;;;10000.0;7.0
-1;3400;BANANAS;4946;29;;;;;4953;29;;;;;4949.5;31.62109375
-1;3400;PEARLS;9996;2;9995;27;;;10004;2;10005;27;;;10000.0;7.0
-1;3500;BANANAS;4946;30;;;;;4951;9;4953;30;;;4948.5;32.7421875
-1;3500;PEARLS;9996;2;9995;28;;;10002;9;10004;2;10005;28;9999.0;7.0
-1;3600;PEARLS;9995;21;;;;;9998;1;10005;21;;;9996.5;7.0
-1;3600;BANANAS;4947;21;;;;;4954;21;;;;;4950.5;36.423828125
-1;3700;BANANAS;4947;31;;;;;4952;6;4953;2;4954;29;4949.5;36.3984375
-1;3700;PEARLS;9996;2;9995;29;;;10000;5;10002;7;10004;2;9998.0;9.0
-1;3800;BANANAS;4947;30;;;;;4953;1;4954;29;;;4950.0;36.1640625
-1;3800;PEARLS;10002;1;9996;1;9995;29;10004;1;10005;29;;;10003.0;9.0
-1;3900;BANANAS;4948;1;4947;25;;;4954;25;;;;;4951.0;35.451171875
-1;3900;PEARLS;9998;1;9995;25;;;10005;25;;;;;10001.5;11.0
-1;4000;PEARLS;10002;9;9996;2;9995;27;10004;2;10005;27;;;10003.0;11.0
-1;4000;BANANAS;4947;29;;;;;4953;2;4954;27;;;4950.0;35.29296875
-1;4100;BANANAS;4946;24;;;;;4953;24;;;;;4949.5;33.17578125
-1;4100;PEARLS;9996;1;9995;23;;;10004;1;10005;23;;;10000.0;11.0
-1;4200;BANANAS;4946;28;;;;;4947;12;4953;28;;;4946.5;33.083984375
-1;4200;PEARLS;9996;2;9995;26;;;10004;2;10005;26;;;10000.0;11.0
-1;4300;BANANAS;4946;31;;;;;4952;2;4953;29;;;4949.0;56.375
-1;4300;PEARLS;9996;2;9995;29;;;10004;2;10005;29;;;10000.0;11.0
-1;4400;PEARLS;9996;1;9995;26;;;9998;1;10004;1;10005;26;9997.0;11.0
-1;4400;BANANAS;4946;26;;;;;4953;27;;;;;4949.5;60.7265625
-1;4500;BANANAS;4946;27;;;;;4953;27;;;;;4949.5;60.140625
-1;4500;PEARLS;9995;27;;;;;10005;27;;;;;10000.0;13.0
-1;4600;BANANAS;4946;22;;;;;4953;22;;;;;4949.5;62.265625
-1;4600;PEARLS;9996;1;9995;21;;;10004;1;10005;21;;;10000.0;13.0
-1;4700;BANANAS;4946;27;;;;;4947;8;4952;1;4953;26;4946.5;57.5234375
-1;4700;PEARLS;9998;4;9996;1;9995;26;10004;1;10005;26;;;10001.0;13.0
-1;4800;PEARLS;10002;3;9996;1;9995;24;10004;1;10005;24;;;10003.0;13.0
-1;4800;BANANAS;4951;1;4946;25;;;4952;1;4953;24;;;4951.5;57.3671875
-1;4900;BANANAS;4946;22;;;;;4952;22;;;;;4949.0;55.25
-1;4900;PEARLS;9995;22;;;;;9998;4;10005;22;;;9996.5;19.0
-1;5000;BANANAS;4947;4;4946;22;;;4953;23;;;;;4950.0;67.390625
-1;5000;PEARLS;9998;3;9996;1;9995;22;10004;1;10005;22;;;10001.0;27.0
-1;5100;BANANAS;4947;9;4946;25;;;4948;2;4953;25;;;4947.5;71.140625
-1;5100;PEARLS;10002;1;9998;9;9995;25;10005;25;;;;;10003.5;27.0
-1;5200;PEARLS;9996;2;9995;22;;;10004;2;10005;22;;;10000.0;29.0
-1;5200;BANANAS;4947;2;4946;22;;;4953;24;;;;;4950.0;73.1875
-1;5300;PEARLS;9995;25;;;;;10005;25;;;;;10000.0;29.0
-1;5300;BANANAS;4947;25;;;;;4954;25;;;;;4950.5;77.1796875
-1;5400;BANANAS;4947;27;;;;;4952;8;4954;27;;;4949.5;82.1796875
-1;5400;PEARLS;9995;27;;;;;10000;6;10002;8;10005;27;9997.5;29.0
-1;5500;BANANAS;4947;30;;;;;4954;30;;;;;4950.5;83.2265625
-1;5500;PEARLS;9996;1;9995;29;;;10004;1;10005;29;;;10000.0;29.0
-1;5600;BANANAS;4947;9;4946;26;;;4953;27;;;;;4950.0;73.890625
-1;5600;PEARLS;10002;1;9998;8;9996;1;10004;1;10005;26;;;10003.0;29.0
-1;5700;PEARLS;9998;4;9996;2;9995;23;10004;2;10005;23;;;10001.0;31.0
-1;5700;BANANAS;4950;2;4948;4;4947;25;4954;25;;;;;4952.0;87.6875
-1;5800;PEARLS;10002;1;9998;10;9995;24;10005;24;;;;;10003.5;31.0
-1;5800;BANANAS;4953;1;4948;10;4947;24;4954;24;;;;;4953.5;86.09375
-1;5900;BANANAS;4947;21;;;;;4954;21;;;;;4950.5;85.984375
-1;5900;PEARLS;10000;5;9996;1;9995;20;10004;1;10005;20;;;10002.0;33.0
-1;6000;PEARLS;9996;2;9995;22;;;9998;4;10004;2;10005;22;9997.0;33.0
-1;6000;BANANAS;4947;24;;;;;4953;2;4954;22;;;4950.0;83.1875
-1;6100;PEARLS;9996;1;9995;24;;;10000;5;10002;2;10004;1;9998.0;41.0
-1;6100;BANANAS;4947;25;;;;;4952;2;4954;25;;;4949.5;88.1796875
-1;6200;PEARLS;9996;1;9995;29;;;10004;1;10005;29;;;10000.0;41.0
-1;6200;BANANAS;4947;30;;;;;4948;13;4954;30;;;4947.5;86.0546875
-1;6300;BANANAS;4947;25;;;;;4948;1;4954;25;;;4947.5;89.4921875
-1;6300;PEARLS;9995;25;;;;;10005;25;;;;;10000.0;41.0
-1;6400;PEARLS;10000;4;9995;23;;;10005;23;;;;;10002.5;41.0
-1;6400;BANANAS;4947;23;;;;;4954;23;;;;;4950.5;93.90625
-1;6500;PEARLS;9995;20;;;;;10005;20;;;;;10000.0;41.0
-1;6500;BANANAS;4947;20;;;;;4954;20;;;;;4950.5;97.3046875
-1;6600;PEARLS;9996;1;9995;26;;;10004;1;10005;26;;;10000.0;41.0
-1;6600;BANANAS;4948;27;;;;;4955;27;;;;;4951.5;104.171875
-1;6700;BANANAS;4948;28;;;;;4954;2;4955;26;;;4951.0;100.3671875
-1;6700;PEARLS;10002;4;9996;2;9995;26;10004;2;10005;26;;;10003.0;41.0
-1;6800;BANANAS;4948;1;4947;24;;;4954;24;;;;;4951.0;89.09375
-1;6800;PEARLS;9998;1;9996;1;9995;23;10004;1;10005;23;;;10001.0;49.0
-1;6900;PEARLS;9995;28;;;;;10005;28;;;;;10000.0;49.0
-1;6900;BANANAS;4952;1;4951;4;4947;28;4954;28;;;;;4953.0;85.9453125
-1;7000;PEARLS;10000;6;9998;7;9996;2;10004;2;10005;27;;;10002.0;49.0
-1;7000;BANANAS;4948;7;4947;29;;;4954;29;;;;;4951.0;88.78125
-1;7100;PEARLS;9996;1;9995;29;;;10004;1;10005;29;;;10000.0;49.0
-1;7100;BANANAS;4947;30;;;;;4954;30;;;;;4950.5;91.6796875
-1;7200;BANANAS;4947;23;;;;;4954;23;;;;;4950.5;94.484375
-1;7200;PEARLS;9996;2;9995;21;;;10004;2;10005;21;;;10000.0;49.0
-1;7300;PEARLS;9996;2;9995;23;;;10002;4;10004;2;10005;23;9999.0;49.0
-1;7300;BANANAS;4947;25;;;;;4952;4;4954;25;;;4949.5;88.09375
-1;7400;PEARLS;10002;1;9996;2;9995;28;10004;2;10005;28;;;10003.0;49.0
-1;7400;BANANAS;4947;30;;;;;4953;2;4954;28;;;4950.0;85.328125
-1;7500;PEARLS;9995;29;;;;;10005;29;;;;;10000.0;51.0
-1;7500;BANANAS;4947;29;;;;;4953;29;;;;;4950.0;83.34375
-1;7600;BANANAS;4946;26;;;;;4953;26;;;;;4949.5;73.171875
-1;7600;PEARLS;9996;2;9995;24;;;10004;2;10005;24;;;10000.0;51.0
-1;7700;PEARLS;9995;28;;;;;10005;28;;;;;10000.0;51.0
-1;7700;BANANAS;4951;1;4945;28;;;4952;28;;;;;4951.5;62.3125
-1;7800;PEARLS;9996;1;9995;22;;;10004;1;10005;22;;;10000.0;51.0
-1;7800;BANANAS;4951;1;4946;23;;;4952;1;4953;22;;;4951.5;72.3828125
-1;7900;PEARLS;9996;1;9995;25;;;10002;4;10004;1;10005;25;9999.0;51.0
-1;7900;BANANAS;4946;1;4945;25;;;4950;4;4952;26;;;4948.0;67.296875
-1;8000;BANANAS;4945;23;;;;;4952;23;;;;;4948.5;61.296875
-1;8000;PEARLS;9996;1;9995;22;;;10004;1;10005;22;;;10000.0;51.0
-1;8100;PEARLS;9995;22;;;;;10005;22;;;;;10000.0;51.0
-1;8100;BANANAS;4945;22;;;;;4952;22;;;;;4948.5;56.21875
-1;8200;PEARLS;9995;20;;;;;9998;1;10002;2;10005;20;9996.5;51.0
-1;8200;BANANAS;4949;2;4945;20;;;4950;2;4952;20;;;4949.5;55.359375
-1;8300;PEARLS;10002;1;9998;6;9996;1;10004;1;10005;26;;;10003.0;53.0
-1;8300;BANANAS;4946;6;4945;27;;;4952;27;;;;;4949.0;54.015625
-1;8400;BANANAS;4945;26;;;;;4951;26;;;;;4948.0;48.6328125
-1;8400;PEARLS;9995;26;;;;;10005;26;;;;;10000.0;55.0
-1;8500;PEARLS;9995;30;;;;;10005;30;;;;;10000.0;55.0
-1;8500;BANANAS;4947;5;4944;30;;;4951;30;;;;;4949.0;38.8515625
-1;8600;PEARLS;9996;1;9995;22;;;10004;1;10005;22;;;10000.0;55.0
-1;8600;BANANAS;4944;23;;;;;4951;23;;;;;4947.5;36.8828125
-1;8700;PEARLS;9996;1;9995;29;;;10004;1;10005;29;;;10000.0;55.0
-1;8700;BANANAS;4945;30;;;;;4946;1;4952;30;;;4945.5;55.6015625
-1;8800;BANANAS;4945;23;;;;;4947;4;4952;23;;;4946.0;62.5390625
-1;8800;PEARLS;9995;23;;;;;9998;12;10005;23;;;9996.5;55.0
-1;8900;PEARLS;10002;5;9996;1;9995;26;10004;1;10005;26;;;10003.0;79.0
-1;8900;BANANAS;4945;27;;;;;4952;27;;;;;4948.5;57.796875
-1;9000;PEARLS;9995;23;;;;;10002;7;10005;23;;;9998.5;89.0
-1;9000;BANANAS;4945;23;;;;;4950;7;4952;23;;;4947.5;63.4140625
-1;9100;PEARLS;9996;1;9995;30;;;10004;1;10005;30;;;10000.0;89.0
-1;9100;BANANAS;4946;31;;;;;4949;3;4952;1;4953;30;4947.5;72.8828125
-1;9200;BANANAS;4945;24;;;;;4950;3;4952;24;;;4947.5;66.171875
-1;9200;PEARLS;9995;24;;;;;10002;3;10005;24;;;9998.5;89.0
-1;9300;PEARLS;9995;23;;;;;10005;23;;;;;10000.0;89.0
-1;9300;BANANAS;4945;23;;;;;4952;23;;;;;4948.5;65.6328125
-1;9400;PEARLS;9996;2;9995;22;;;10004;2;10005;22;;;10000.0;89.0
-1;9400;BANANAS;4946;24;;;;;4952;24;;;;;4949.0;69.6640625
-1;9500;PEARLS;9998;9;9996;1;9995;28;10004;1;10005;28;;;10001.0;89.0
-1;9500;BANANAS;4946;10;4945;28;;;4952;29;;;;;4949.0;67.7265625
-1;9600;BANANAS;4945;20;;;;;4946;1;4952;20;;;4945.5;64.3984375
-1;9600;PEARLS;9995;20;;;;;10005;20;;;;;10000.0;89.0
-1;9700;PEARLS;9998;3;9995;25;;;10005;25;;;;;10001.5;89.0
-1;9700;BANANAS;4946;3;4945;25;;;4952;25;;;;;4949.0;72.2578125
-1;9800;PEARLS;9995;21;;;;;10002;5;10005;21;;;9998.5;89.0
-1;9800;BANANAS;4945;21;;;;;4950;5;4952;21;;;4947.5;70.984375
-1;9900;BANANAS;4945;22;;;;;4952;22;;;;;4948.5;68.390625
-1;9900;PEARLS;9995;22;;;;;10005;22;;;;;10000.0;89.0
-1;10000;BANANAS;4946;8;4945;31;;;4952;31;;;;;4949.0;65.5
-1;10000;PEARLS;9998;8;9996;2;9995;29;10004;2;10005;29;;;10001.0;89.0
-1;10100;BANANAS;4945;22;;;;;4952;22;;;;;4948.5;68.25
-1;10100;PEARLS;9995;22;;;;;10005;22;;;;;10000.0;89.0
-1;10200;PEARLS;9996;2;9995;23;;;10004;2;10005;23;;;10000.0;89.0
-1;10200;BANANAS;4946;25;;;;;4952;2;4953;23;;;4949.0;75.046875
-1;10300;PEARLS;9996;2;9995;20;;;10004;2;10005;20;;;10000.0;89.0
-1;10300;BANANAS;4946;2;4945;20;;;4947;4;4952;22;;;4946.5;71.2734375
-1;10400;BANANAS;4946;30;;;;;4953;30;;;;;4949.5;81.109375
-1;10400;PEARLS;9995;30;;;;;10005;30;;;;;10000.0;89.0
-1;10500;PEARLS;9998;4;9996;1;9995;27;10004;1;10005;27;;;10001.0;89.0
-1;10500;BANANAS;4946;4;4945;28;;;4952;28;;;;;4949.0;60.0390625
-1;10600;PEARLS;9995;23;;;;;9998;2;10002;6;10005;23;9996.5;89.0
-1;10600;BANANAS;4945;23;;;;;4950;6;4952;23;;;4947.5;60.484375
-1;10700;PEARLS;9998;1;9995;23;;;10005;23;;;;;10001.5;93.0
-1;10700;BANANAS;4946;1;4945;23;;;4952;23;;;;;4949.0;65.7265625
-1;10800;BANANAS;4947;3;4946;23;;;4953;23;;;;;4950.0;80.28125
-1;10800;PEARLS;10002;1;9998;4;9995;23;10005;23;;;;;10003.5;93.0
-1;10900;PEARLS;9996;1;9995;29;;;10004;1;10005;29;;;10000.0;95.0
-1;10900;BANANAS;4947;1;4946;29;;;4953;30;;;;;4950.0;91.5625
-1;11000;PEARLS;9996;1;9995;29;;;10004;1;10005;29;;;10000.0;95.0
-1;11000;BANANAS;4946;30;;;;;4952;1;4953;29;;;4949.0;77.4140625
-1;11100;PEARLS;9996;2;9995;29;;;10002;4;10004;2;10005;29;9999.0;95.0
-1;11100;BANANAS;4946;31;;;;;4951;4;4952;2;4953;29;4948.5;76.2109375
-1;11200;BANANAS;4946;29;;;;;4952;1;4953;28;;;4949.0;76.875
-1;11200;PEARLS;10002;1;9996;1;9995;28;10004;1;10005;28;;;10003.0;95.0
-1;11300;BANANAS;4950;1;4945;27;;;4952;27;;;;;4951.0;66.21875
-1;11300;PEARLS;9996;1;9995;26;;;10004;1;10005;26;;;10000.0;97.0
-1;11400;PEARLS;9998;2;9996;1;9995;23;10004;1;10005;23;;;10001.0;97.0
-1;11400;BANANAS;4946;3;4945;24;;;4951;1;4952;23;;;4948.5;57.609375
-1;11500;BANANAS;4945;2;4944;28;;;4951;29;;;;;4948.0;51.28125
-1;11500;PEARLS;9998;1;9996;1;9995;28;10004;1;10005;28;;;10001.0;97.0
-1;11600;BANANAS;4944;26;;;;;4951;26;;;;;4947.5;46.3984375
-1;11600;PEARLS;9995;26;;;;;10005;26;;;;;10000.0;97.0
-1;11700;BANANAS;4944;22;;;;;4951;22;;;;;4947.5;49.40625
-1;11700;PEARLS;9996;1;9995;21;;;10004;1;10005;21;;;10000.0;97.0
-1;11800;PEARLS;9995;21;;;;;10005;21;;;;;10000.0;97.0
-1;11800;BANANAS;4944;21;;;;;4951;21;;;;;4947.5;50.3515625
-1;11900;BANANAS;4944;25;;;;;4951;25;;;;;4947.5;38.0625
-1;11900;PEARLS;9995;25;;;;;10005;25;;;;;10000.0;97.0
-1;12000;BANANAS;4943;25;;;;;4950;25;;;;;4946.5;31.6328125
-1;12000;PEARLS;9995;25;;;;;10005;25;;;;;10000.0;97.0
-1;12100;BANANAS;4943;22;;;;;4948;4;4949;2;4950;20;4945.5;18.4453125
-1;12100;PEARLS;9996;2;9995;20;;;10002;3;10004;2;10005;20;9999.0;97.0
-1;12200;PEARLS;9998;10;9996;2;9995;26;10004;2;10005;26;;;10001.0;97.0
-1;12200;BANANAS;4944;10;4943;28;;;4950;28;;;;;4947.0;28.140625
-1;12300;BANANAS;4943;24;;;;;4950;24;;;;;4946.5;24.2265625
-1;12300;PEARLS;9996;1;9995;23;;;10000;5;10004;1;10005;23;9998.0;97.0
-1;12400;BANANAS;4943;30;;;;;4949;1;4950;29;;;4946.0;21.515625
-1;12400;PEARLS;9996;1;9995;29;;;10004;1;10005;29;;;10000.0;97.0
-1;12500;BANANAS;4943;31;;;;;4949;2;4950;29;;;4946.0;21.5859375
-1;12500;PEARLS;10002;5;9996;2;9995;29;10004;2;10005;29;;;10003.0;97.0
-1;12600;PEARLS;9998;5;9996;1;9995;30;10004;1;10005;30;;;10001.0;107.0
-1;12600;BANANAS;4944;5;4943;31;;;4949;31;;;;;4946.5;17.5
-1;12700;BANANAS;4943;31;;;;;4950;31;;;;;4946.5;26.953125
-1;12700;PEARLS;9996;2;9995;29;;;10004;2;10005;29;;;10000.0;107.0
-1;12800;BANANAS;4943;31;;;;;4948;3;4950;31;;;4945.5;30.015625
-1;12800;PEARLS;9996;1;9995;30;;;10002;3;10004;1;10005;30;9999.0;107.0
-1;12900;BANANAS;4944;24;;;;;4950;24;;;;;4947.0;35.84375
-1;12900;PEARLS;9995;24;;;;;10005;24;;;;;10000.0;107.0
-1;13000;PEARLS;9995;27;;;;;10005;27;;;;;10000.0;107.0
-1;13000;BANANAS;4943;27;;;;;4950;27;;;;;4946.5;33.78125
-1;13100;BANANAS;4944;30;;;;;4950;2;4951;28;;;4947.0;37.9453125
-1;13100;PEARLS;9996;2;9995;28;;;10004;2;10005;28;;;10000.0;107.0
-1;13200;BANANAS;4943;28;;;;;4950;28;;;;;4946.5;32.53125
-1;13200;PEARLS;9995;28;;;;;10005;28;;;;;10000.0;107.0
-1;13300;BANANAS;4949;1;4944;28;;;4950;2;4951;26;;;4949.5;37.4375
-1;13300;PEARLS;9996;2;9995;26;;;10004;2;10005;26;;;10000.0;107.0
-1;13400;PEARLS;10002;1;9996;1;9995;25;10004;1;10005;25;;;10003.0;107.0
-1;13400;BANANAS;4944;26;;;;;4950;1;4951;25;;;4947.0;40.375
-1;13500;BANANAS;4947;4;4944;30;;;4949;9;4951;30;;;4948.0;46.9453125
-1;13500;PEARLS;9996;1;9995;29;;;10002;9;10004;1;10005;29;9999.0;109.0
-1;13600;BANANAS;4944;25;;;;;4950;2;4951;23;;;4947.0;42.5078125
-1;13600;PEARLS;9996;2;9995;23;;;10004;2;10005;23;;;10000.0;109.0
-1;13700;BANANAS;4947;5;4944;30;;;4949;7;4951;30;;;4948.0;43.359375
-1;13700;PEARLS;10000;2;9996;2;9995;28;10002;7;10004;2;10005;28;10001.0;109.0
-1;13800;PEARLS;9996;1;9995;24;;;10004;1;10005;24;;;10000.0;109.0
-1;13800;BANANAS;4943;25;;;;;4950;25;;;;;4946.5;25.984375
-1;13900;BANANAS;4942;20;;;;;4947;2;4949;20;;;4944.5;15.546875
-1;13900;PEARLS;9995;20;;;;;10002;2;10005;20;;;9998.5;109.0
-1;14000;BANANAS;4948;1;4943;1;4942;26;4949;27;;;;;4948.5;13.2265625
-1;14000;PEARLS;9996;1;9995;26;;;10004;1;10005;26;;;10000.0;109.0
-1;14100;BANANAS;4942;24;;;;;4949;24;;;;;4945.5;7.9921875
-1;14100;PEARLS;10000;3;9996;2;9995;22;10004;2;10005;22;;;10002.0;109.0
-1;14200;BANANAS;4942;24;;;;;4949;24;;;;;4945.5;6.8046875
-1;14200;PEARLS;9996;2;9995;22;;;10004;2;10005;22;;;10000.0;109.0
-1;14300;PEARLS;9996;2;9995;28;;;10004;2;10005;28;;;10000.0;109.0
-1;14300;BANANAS;4943;30;;;;;4949;2;4950;28;;;4946.0;20.6484375
-1;14400;BANANAS;4943;9;4942;23;;;4949;23;;;;;4946.0;14.375
-1;14400;PEARLS;9998;9;9996;1;9995;22;10004;1;10005;22;;;10001.0;109.0
-1;14500;BANANAS;4943;22;;;;;4949;1;4950;22;;;4946.0;21.2734375
-1;14500;PEARLS;9996;1;9995;22;;;10000;2;10004;1;10005;22;9998.0;109.0
-1;14600;PEARLS;9995;21;;;;;10002;3;10005;21;;;9998.5;109.0
-1;14600;BANANAS;4942;21;;;;;4947;3;4949;21;;;4944.5;15.234375
-1;14700;PEARLS;9998;5;9996;2;9995;24;10004;2;10005;24;;;10001.0;109.0
-1;14700;BANANAS;4943;7;4942;24;;;4949;26;;;;;4946.0;14.6875
-1;14800;PEARLS;9996;2;9995;21;;;10004;2;10005;21;;;10000.0;109.0
-1;14800;BANANAS;4943;1;4942;21;;;4949;23;;;;;4946.0;17.8125
-1;14900;BANANAS;4943;2;4942;28;;;4947;8;4949;30;;;4945.0;15.34375
-1;14900;PEARLS;9996;2;9995;28;;;10002;8;10004;2;10005;28;9999.0;109.0
-1;15000;PEARLS;9996;1;9995;22;;;10004;1;10005;22;;;10000.0;109.0
-1;15000;BANANAS;4942;23;;;;;4943;1;4949;23;;;4942.5;11.015625
-1;15100;PEARLS;10002;1;9996;1;9995;25;10004;1;10005;25;;;10003.0;109.0
-1;15100;BANANAS;4948;1;4943;1;4942;25;4949;26;;;;;4948.5;20.6640625
-1;15200;PEARLS;9998;3;9996;2;9995;23;10000;4;10004;2;10005;23;9999.0;111.0
-1;15200;BANANAS;4946;3;4944;3;4943;25;4950;25;;;;;4948.0;32.421875
-1;15300;BANANAS;4943;5;4942;22;;;4949;24;;;;;4946.0;22.515625
-1;15300;PEARLS;9998;3;9996;2;9995;22;10004;2;10005;22;;;10001.0;111.0
-1;15400;PEARLS;9996;2;9995;24;;;10002;4;10004;2;10005;24;9999.0;111.0
-1;15400;BANANAS;4942;26;;;;;4947;4;4949;26;;;4944.5;18.265625
-1;15500;PEARLS;9998;5;9995;20;;;10005;20;;;;;10001.5;111.0
-1;15500;BANANAS;4948;1;4943;5;4942;20;4949;20;;;;;4948.5;21.140625
-1;15600;PEARLS;9996;1;9995;23;;;10004;1;10005;23;;;10000.0;111.0
-1;15600;BANANAS;4943;24;;;;;4950;24;;;;;4946.5;33.671875
-1;15700;PEARLS;9996;2;9995;20;;;10004;2;10005;20;;;10000.0;111.0
-1;15700;BANANAS;4944;22;;;;;4950;2;4951;20;;;4947.0;48.46875
-1;15800;BANANAS;4945;9;4944;26;;;4950;2;4951;24;;;4947.5;47.03125
-1;15800;PEARLS;9998;5;9996;2;9995;24;10004;2;10005;24;;;10001.0;111.0
-1;15900;PEARLS;9998;10;9995;27;;;10005;27;;;;;10001.5;111.0
-1;15900;BANANAS;4945;10;4944;27;;;4951;27;;;;;4948.0;54.796875
-1;16000;PEARLS;9996;2;9995;25;;;10002;7;10004;2;10005;25;9999.0;111.0
-1;16000;BANANAS;4945;27;;;;;4950;7;4951;2;4952;25;4947.5;63.9140625
-1;16100;PEARLS;9998;4;9995;29;;;10005;29;;;;;10001.5;111.0
-1;16100;BANANAS;4945;4;4944;29;;;4951;29;;;;;4948.0;59.6328125
-1;16200;BANANAS;4944;21;;;;;4945;1;4951;21;;;4944.5;59.484375
-1;16200;PEARLS;9995;21;;;;;10005;21;;;;;10000.0;111.0
-1;16300;PEARLS;9996;2;9995;29;;;10002;2;10004;2;10005;29;9999.0;111.0
-1;16300;BANANAS;4944;31;;;;;4949;2;4951;31;;;4946.5;58.421875
-1;16400;PEARLS;9996;2;9995;22;;;9998;1;10004;2;10005;22;9997.0;111.0
-1;16400;BANANAS;4945;2;4944;22;;;4951;24;;;;;4948.0;63.6796875
-1;16500;PEARLS;9996;2;9995;25;;;10004;2;10005;25;;;10000.0;113.0
-1;16500;BANANAS;4945;2;4944;25;;;4951;27;;;;;4948.0;62.1015625
-1;16600;BANANAS;4945;25;;;;;4951;25;;;;;4948.0;66.2421875
-1;16600;PEARLS;9996;2;9995;23;;;10004;2;10005;23;;;10000.0;113.0
-1;16700;PEARLS;10002;3;9996;1;9995;23;10004;1;10005;23;;;10003.0;113.0
-1;16700;BANANAS;4944;24;;;;;4945;1;4951;24;;;4944.5;60.46875
-1;16800;PEARLS;9996;2;9995;30;;;10002;5;10004;2;10005;30;9999.0;119.0
-1;16800;BANANAS;4944;32;;;;;4949;5;4950;2;4951;30;4946.5;54.46875
-1;16900;PEARLS;9996;1;9995;23;;;10004;1;10005;23;;;10000.0;119.0
-1;16900;BANANAS;4944;24;;;;;4951;24;;;;;4947.5;55.9375
-1;17000;BANANAS;4944;23;;;;;4951;23;;;;;4947.5;54.9296875
-1;17000;PEARLS;9995;23;;;;;10005;23;;;;;10000.0;119.0
-1;17100;PEARLS;9998;6;9996;1;9995;30;10004;1;10005;30;;;10001.0;119.0
-1;17100;BANANAS;4945;6;4944;30;;;4951;31;;;;;4948.0;67.5546875
-1;17200;PEARLS;9998;6;9996;2;9995;24;10004;2;10005;24;;;10001.0;119.0
-1;17200;BANANAS;4946;6;4945;26;;;4951;2;4952;24;;;4948.5;72.3125
-1;17300;PEARLS;9995;28;;;;;9998;1;10002;3;10005;28;9996.5;119.0
-1;17300;BANANAS;4945;28;;;;;4947;2;4950;3;4952;28;4946.0;83.28125
-1;17400;BANANAS;4946;25;;;;;4952;1;4953;24;;;4949.0;89.890625
-1;17400;PEARLS;9996;1;9995;24;;;10004;1;10005;24;;;10000.0;121.0
-1;17500;PEARLS;9996;1;9995;23;;;10004;1;10005;23;;;10000.0;121.0
-1;17500;BANANAS;4951;11;4946;24;;;4953;24;;;;;4952.0;97.1171875
-1;17600;PEARLS;9995;27;;;;;10005;27;;;;;10000.0;121.0
-1;17600;BANANAS;4945;27;;;;;4952;27;;;;;4948.5;106.98046875
-1;17700;PEARLS;9996;1;9995;23;;;10004;1;10005;23;;;10000.0;121.0
-1;17700;BANANAS;4945;24;;;;;4951;1;4952;23;;;4948.0;104.125
-1;17800;BANANAS;4944;23;;;;;4951;23;;;;;4947.5;101.25390625
-1;17800;PEARLS;9995;23;;;;;10005;23;;;;;10000.0;121.0
-1;17900;PEARLS;9998;8;9996;1;9995;29;10004;1;10005;29;;;10001.0;121.0
-1;17900;BANANAS;4945;9;4944;29;;;4951;30;;;;;4948.0;100.875
-1;18000;PEARLS;9998;7;9996;2;9995;26;10004;2;10005;26;;;10001.0;121.0
-1;18000;BANANAS;4945;9;4944;26;;;4951;28;;;;;4948.0;101.64453125
-1;18100;PEARLS;9995;21;;;;;10005;21;;;;;10000.0;121.0
-1;18100;BANANAS;4945;21;;;;;4952;21;;;;;4948.5;104.421875
-1;18200;BANANAS;4950;1;4945;24;;;4952;24;;;;;4951.0;105.0390625
-1;18200;PEARLS;9996;1;9995;23;;;10004;1;10005;23;;;10000.0;121.0
-1;18300;PEARLS;9996;2;9995;27;;;10004;2;10005;27;;;10000.0;121.0
-1;18300;BANANAS;4944;29;;;;;4951;29;;;;;4947.5;99.43359375
-1;18400;PEARLS;9996;1;9995;29;;;10004;1;10005;29;;;10000.0;121.0
-1;18400;BANANAS;4945;30;;;;;4951;1;4952;29;;;4948.0;104.62109375
-1;18500;PEARLS;9998;3;9996;2;9995;30;10004;2;10005;30;;;10001.0;121.0
-1;18500;BANANAS;4946;3;4945;32;;;4951;2;4952;30;;;4948.5;104.52734375
-1;18600;BANANAS;4945;31;;;;;4950;10;4951;1;4952;30;4947.5;105.49609375
-1;18600;PEARLS;9996;1;9995;30;;;10002;9;10004;1;10005;30;9999.0;121.0
-1;18700;BANANAS;4945;27;;;;;4951;2;4952;25;;;4948.0;104.3828125
-1;18700;PEARLS;10002;9;9996;2;9995;25;10004;2;10005;25;;;10003.0;121.0
-1;18800;PEARLS;9996;2;9995;22;;;10004;2;10005;22;;;10000.0;121.0
-1;18800;BANANAS;4945;24;;;;;4952;24;;;;;4948.5;107.390625
-1;18900;BANANAS;4945;28;;;;;4952;28;;;;;4948.5;109.5859375
-1;18900;PEARLS;9996;1;9995;27;;;10004;1;10005;27;;;10000.0;121.0
-1;19000;BANANAS;4945;24;;;;;4950;7;4952;25;;;4947.5;105.77734375
-1;19000;PEARLS;9995;25;;;;;10002;7;10005;25;;;9998.5;121.0
-1;19100;PEARLS;9996;1;9995;28;;;10000;5;10004;1;10005;28;9998.0;121.0
-1;19100;BANANAS;4945;29;;;;;4951;1;4952;28;;;4948.0;104.83203125
-1;19200;PEARLS;9996;1;9995;28;;;10002;7;10004;1;10005;28;9999.0;121.0
-1;19200;BANANAS;4945;29;;;;;4950;7;4952;29;;;4947.5;106.98046875
-1;19300;PEARLS;9996;2;9995;30;;;10004;2;10005;30;;;10000.0;121.0
-1;19300;BANANAS;4945;32;;;;;4952;32;;;;;4948.5;109.1953125
-1;19400;BANANAS;4946;21;;;;;4951;3;4952;1;4953;20;4948.5;113.234375
-1;19400;PEARLS;9996;1;9995;20;;;10002;3;10004;1;10005;20;9999.0;121.0
-1;19500;PEARLS;9996;2;9995;20;;;10004;2;10005;20;;;10000.0;121.0
-1;19500;BANANAS;4946;22;;;;;4952;2;4953;20;;;4949.0;112.4765625
-1;19600;PEARLS;9996;2;9995;29;;;10004;2;10005;29;;;10000.0;121.0
-1;19600;BANANAS;4946;31;;;;;4952;2;4953;29;;;4949.0;113.51953125
-1;19700;PEARLS;9996;1;9995;24;;;10002;2;10004;1;10005;24;9999.0;121.0
-1;19700;BANANAS;4946;25;;;;;4951;2;4952;1;4953;24;4948.5;113.3515625
-1;19800;BANANAS;4946;20;;;;;4953;20;;;;;4949.5;114.04296875
-1;19800;PEARLS;10002;4;9995;20;;;10005;20;;;;;10003.5;121.0
-1;19900;PEARLS;9996;1;9995;27;;;10004;1;10005;27;;;10000.0;129.0
-1;19900;BANANAS;4946;28;;;;;4952;1;4953;27;;;4949.0;112.8046875
-1;20000;PEARLS;9996;1;9995;28;;;10002;4;10004;1;10005;28;9999.0;129.0
-1;20000;BANANAS;4946;29;;;;;4951;4;4953;29;;;4948.5;116.18359375
-1;20100;PEARLS;9998;9;9996;2;9995;29;10004;2;10005;29;;;10001.0;129.0
-1;20100;BANANAS;4947;10;4946;31;;;4952;2;4953;29;;;4949.5;113.15625
-1;20200;BANANAS;4946;29;;;;;4953;29;;;;;4949.5;113.84375
-1;20200;PEARLS;9995;29;;;;;10005;29;;;;;10000.0;129.0
-1;20300;BANANAS;4946;2;4945;21;;;4952;23;;;;;4949.0;110.79296875
-1;20300;PEARLS;9996;2;9995;21;;;10004;2;10005;21;;;10000.0;129.0
-1;20400;PEARLS;9995;24;;;;;10005;24;;;;;10000.0;129.0
-1;20400;BANANAS;4946;24;;;;;4953;24;;;;;4949.5;112.75
-1;20500;BANANAS;4946;30;;;;;4953;30;;;;;4949.5;113.3359375
-1;20500;PEARLS;9995;30;;;;;10005;30;;;;;10000.0;129.0
-1;20600;BANANAS;4947;23;;;;;4953;2;4954;21;;;4950.0;121.5625
-1;20600;PEARLS;9996;2;9995;21;;;10004;2;10005;21;;;10000.0;129.0
-1;20700;BANANAS;4947;31;;;;;4948;1;4951;6;4953;31;4947.5;120.0
-1;20700;PEARLS;9996;1;9995;30;;;10002;6;10004;1;10005;30;9999.0;129.0
-1;20800;PEARLS;9996;2;9995;23;;;10004;2;10005;23;;;10000.0;129.0
-1;20800;BANANAS;4953;1;4948;2;4947;23;4954;25;;;;;4953.5;129.5703125
-1;20900;BANANAS;4947;24;;;;;4954;24;;;;;4950.5;130.75390625
-1;20900;PEARLS;9996;1;9995;23;;;10004;1;10005;23;;;10000.0;129.0
-1;21000;BANANAS;4948;27;;;;;4949;3;4955;27;;;4948.5;133.359375
-1;21000;PEARLS;9995;27;;;;;10005;27;;;;;10000.0;129.0
-1;21100;BANANAS;4949;1;4948;30;;;4955;30;;;;;4952.0;142.49609375
-1;21100;PEARLS;9998;1;9996;2;9995;28;10004;2;10005;28;;;10001.0;129.0
-1;21200;PEARLS;9995;23;;;;;10005;23;;;;;10000.0;129.0
-1;21200;BANANAS;4947;23;;;;;4954;23;;;;;4950.5;137.6640625
-1;21300;BANANAS;4947;29;;;;;4948;1;4954;29;;;4947.5;138.5078125
-1;21300;PEARLS;9995;29;;;;;10005;29;;;;;10000.0;129.0
-1;21400;BANANAS;4948;30;;;;;4955;30;;;;;4951.5;146.6328125
-1;21400;PEARLS;9995;30;;;;;10005;30;;;;;10000.0;129.0
-1;21500;BANANAS;4952;4;4948;2;4947;22;4954;24;;;;;4953.0;141.2890625
-1;21500;PEARLS;9996;2;9995;22;;;10004;2;10005;22;;;10000.0;129.0
-1;21600;PEARLS;10002;1;9995;29;;;10005;29;;;;;10003.5;129.0
-1;21600;BANANAS;4951;2;4948;29;;;4955;29;;;;;4953.0;149.8359375
-1;21700;BANANAS;4948;1;4947;30;;;4952;10;4954;31;;;4950.0;145.48828125
-1;21700;PEARLS;9996;1;9995;30;;;10002;10;10004;1;10005;30;9999.0;131.0
-1;21800;BANANAS;4949;5;4948;29;;;4954;1;4955;28;;;4951.5;146.671875
-1;21800;PEARLS;9998;6;9996;1;9995;28;10004;1;10005;28;;;10001.0;131.0
-1;21900;BANANAS;4948;2;4947;28;;;4954;30;;;;;4951.0;144.787109375
-1;21900;PEARLS;9996;2;9995;28;;;10004;2;10005;28;;;10000.0;131.0
-1;22000;PEARLS;9996;1;9995;23;;;10000;2;10004;1;10005;23;9998.0;131.0
-1;22000;BANANAS;4947;24;;;;;4948;1;4954;24;;;4947.5;142.97265625
-1;22100;BANANAS;4948;1;4947;23;;;4954;25;;;;;4951.0;147.65234375
-1;22100;PEARLS;9996;2;9995;23;;;10004;2;10005;23;;;10000.0;131.0
-1;22200;BANANAS;4948;28;;;;;4953;4;4954;1;4955;27;4950.5;150.22265625
-1;22200;PEARLS;9996;1;9995;27;;;10002;4;10004;1;10005;27;9999.0;131.0
-1;22300;BANANAS;4948;30;;;;;4955;30;;;;;4951.5;152.05078125
-1;22300;PEARLS;9996;1;9995;29;;;10004;1;10005;29;;;10000.0;131.0
-1;22400;PEARLS;10002;2;9996;2;9995;24;10004;2;10005;24;;;10003.0;131.0
-1;22400;BANANAS;4948;26;;;;;4955;26;;;;;4951.5;151.19140625
-1;22500;BANANAS;4948;27;;;;;4955;27;;;;;4951.5;152.55859375
-1;22500;PEARLS;10002;6;9995;27;;;10005;27;;;;;10003.5;135.0
-1;22600;BANANAS;4948;27;;;;;4953;9;4955;27;;;4950.5;152.1484375
-1;22600;PEARLS;9996;1;9995;26;;;10002;9;10004;1;10005;26;9999.0;135.0
-1;22700;BANANAS;4948;28;;;;;4955;28;;;;;4951.5;154.7890625
-1;22700;PEARLS;9995;28;;;;;10005;28;;;;;10000.0;135.0
-1;22800;PEARLS;9996;1;9995;29;;;9998;3;10004;1;10005;29;9997.0;135.0
-1;22800;BANANAS;4948;30;;;;;4954;1;4955;29;;;4951.0;149.75390625
-1;22900;BANANAS;4948;26;;;;;4954;2;4955;24;;;4951.0;150.37890625
-1;22900;PEARLS;9996;2;9995;24;;;9998;1;10004;2;10005;24;9997.0;141.0
-1;23000;BANANAS;4949;3;4948;26;;;4955;26;;;;;4952.0;153.7265625
-1;23000;PEARLS;9998;3;9996;2;9995;24;10004;2;10005;24;;;10001.0;143.0
-1;23100;BANANAS;4948;24;;;;;4953;10;4955;24;;;4950.5;152.6953125
-1;23100;PEARLS;9996;1;9995;23;;;10002;10;10004;1;10005;23;9999.0;143.0
-1;23200;BANANAS;4948;26;;;;;4953;10;4955;26;;;4950.5;151.3984375
-1;23200;PEARLS;9995;26;;;;;9998;1;10002;10;10005;26;9996.5;143.0
-1;23300;PEARLS;9995;22;;;;;10005;22;;;;;10000.0;145.0
-1;23300;BANANAS;4947;22;;;;;4954;22;;;;;4950.5;148.65625
-1;23400;BANANAS;4949;6;4948;21;;;4954;21;;;;;4951.5;148.86328125
-1;23400;PEARLS;9998;6;9995;21;;;10005;21;;;;;10001.5;145.0
-1;23500;BANANAS;4950;2;4948;2;4947;26;4954;28;;;;;4952.0;147.9375
-1;23500;PEARLS;9996;2;9995;26;;;10004;2;10005;26;;;10000.0;145.0
-1;23600;PEARLS;9995;21;;;;;10002;6;10005;21;;;9998.5;145.0
-1;23600;BANANAS;4952;3;4948;21;;;4953;6;4955;21;;;4952.5;150.10546875
-1;23700;PEARLS;9995;24;;;;;10005;24;;;;;10000.0;145.0
-1;23700;BANANAS;4947;24;;;;;4954;24;;;;;4950.5;150.833984375
-1;23800;PEARLS;9996;2;9995;21;;;10004;2;10005;21;;;10000.0;145.0
-1;23800;BANANAS;4948;2;4947;21;;;4954;23;;;;;4951.0;151.3125
-1;23900;BANANAS;4953;1;4947;20;;;4954;20;;;;;4953.5;150.3125
-1;23900;PEARLS;9995;20;;;;;10005;20;;;;;10000.0;145.0
-1;24000;PEARLS;9996;1;9995;22;;;10002;6;10004;1;10005;22;9999.0;145.0
-1;24000;BANANAS;4947;23;;;;;4951;6;4953;23;;;4949.0;150.994140625
-1;24100;PEARLS;9996;2;9995;24;;;10004;2;10005;24;;;10000.0;145.0
-1;24100;BANANAS;4946;26;;;;;4953;26;;;;;4949.5;149.705078125
-1;24200;PEARLS;9998;4;9996;2;9995;25;10004;2;10005;25;;;10001.0;145.0
-1;24200;BANANAS;4951;1;4946;7;4945;25;4952;27;;;;;4951.5;147.541015625
-1;24300;BANANAS;4945;2;4944;21;;;4951;23;;;;;4948.0;147.822265625
-1;24300;PEARLS;10002;6;9996;2;9995;21;10004;2;10005;21;;;10003.0;145.0
-1;24400;PEARLS;9995;25;;;;;10005;25;;;;;10000.0;157.0
-1;24400;BANANAS;4944;25;;;;;4951;25;;;;;4947.5;147.220703125
-1;24500;PEARLS;9995;21;;;;;9998;2;10002;7;10005;21;9996.5;157.0
-1;24500;BANANAS;4949;4;4945;21;;;4950;7;4952;21;;;4949.5;148.8671875
-1;24600;PEARLS;9996;1;9995;26;;;10004;1;10005;26;;;10000.0;161.0
-1;24600;BANANAS;4945;27;;;;;4951;1;4952;26;;;4948.0;134.98828125
-1;24700;PEARLS;9996;2;9995;20;;;10004;2;10005;20;;;10000.0;161.0
-1;24700;BANANAS;4945;22;;;;;4951;2;4952;20;;;4948.0;135.8671875
-1;24800;BANANAS;4945;28;;;;;4951;28;;;;;4948.0;134.1953125
-1;24800;PEARLS;9996;2;9995;26;;;10004;2;10005;26;;;10000.0;161.0
-1;24900;PEARLS;9998;5;9996;2;9995;28;10004;2;10005;28;;;10001.0;161.0
-1;24900;BANANAS;4945;5;4944;30;;;4951;30;;;;;4948.0;129.734375
-1;25000;PEARLS;9996;1;9995;26;;;10002;1;10004;1;10005;26;9999.0;161.0
-1;25000;BANANAS;4944;27;;;;;4949;1;4951;27;;;4946.5;130.76953125
-1;25100;PEARLS;9995;23;;;;;10005;23;;;;;10000.0;161.0
-1;25100;BANANAS;4946;6;4944;23;;;4950;23;;;;;4948.0;122.94140625
-1;25200;BANANAS;4944;25;;;;;4951;26;;;;;4947.5;127.04296875
-1;25200;PEARLS;9996;2;9995;24;;;10004;2;10005;24;;;10000.0;161.0
-1;25300;PEARLS;9996;2;9995;24;;;10002;1;10004;2;10005;24;9999.0;161.0
-1;25300;BANANAS;4944;26;;;;;4948;1;4950;26;;;4946.0;123.09375
-1;25400;PEARLS;9998;2;9996;2;9995;30;10004;2;10005;30;;;10001.0;161.0
-1;25400;BANANAS;4945;2;4944;32;;;4951;32;;;;;4948.0;129.3515625
-1;25500;PEARLS;9998;3;9996;2;9995;23;10004;2;10005;23;;;10001.0;161.0
-1;25500;BANANAS;4946;3;4945;25;;;4951;25;;;;;4948.5;133.08203125
-1;25600;BANANAS;4950;1;4945;31;;;4951;1;4952;30;;;4950.5;134.1171875
-1;25600;PEARLS;9996;1;9995;30;;;10004;1;10005;30;;;10000.0;161.0
-1;25700;PEARLS;9996;1;9995;22;;;10004;1;10005;22;;;10000.0;161.0
-1;25700;BANANAS;4945;23;;;;;4951;1;4952;22;;;4948.0;135.515625
-1;25800;PEARLS;9996;1;9995;27;;;10004;1;10005;27;;;10000.0;161.0
-1;25800;BANANAS;4945;1;4944;27;;;4951;28;;;;;4948.0;134.3203125
-1;25900;PEARLS;9995;28;;;;;10005;28;;;;;10000.0;161.0
-1;25900;BANANAS;4944;28;;;;;4951;28;;;;;4947.5;133.49609375
-1;26000;BANANAS;4945;24;;;;;4949;7;4951;24;;;4947.0;134.72265625
-1;26000;PEARLS;9995;24;;;;;10002;7;10005;24;;;9998.5;161.0
-1;26100;PEARLS;9995;25;;;;;10002;7;10005;25;;;9998.5;161.0
-1;26100;BANANAS;4945;25;;;;;4950;7;4952;25;;;4947.5;137.0
-1;26200;PEARLS;9996;1;9995;25;;;10004;1;10005;25;;;10000.0;161.0
-1;26200;BANANAS;4945;26;;;;;4952;26;;;;;4948.5;137.81640625
-1;26300;PEARLS;9995;24;;;;;10005;24;;;;;10000.0;161.0
-1;26300;BANANAS;4945;24;;;;;4952;24;;;;;4948.5;136.37109375
-1;26400;BANANAS;4945;28;;;;;4952;29;;;;;4948.5;137.54296875
-1;26400;PEARLS;10002;3;9995;29;;;10005;29;;;;;10003.5;161.0
-1;26500;PEARLS;9996;1;9995;23;;;10002;4;10004;1;10005;23;9999.0;167.0
-1;26500;BANANAS;4945;24;;;;;4949;3;4951;24;;;4947.0;135.0
-1;26600;PEARLS;10002;3;9998;1;9996;1;10004;1;10005;21;;;10003.0;167.0
-1;26600;BANANAS;4946;1;4945;22;;;4952;22;;;;;4949.0;139.375
-1;26700;PEARLS;9995;24;;;;;10000;6;10005;24;;;9997.5;167.0
-1;26700;BANANAS;4945;24;;;;;4952;24;;;;;4948.5;136.8125
-1;26800;BANANAS;4945;24;;;;;4952;24;;;;;4948.5;140.12109375
-1;26800;PEARLS;9995;24;;;;;10005;24;;;;;10000.0;167.0
-1;26900;PEARLS;9995;27;;;;;9998;1;10002;5;10005;27;9996.5;167.0
-1;26900;BANANAS;4945;27;;;;;4950;5;4952;27;;;4947.5;137.875
-1;27000;PEARLS;9996;1;9995;30;;;10002;7;10004;1;10005;30;9999.0;169.0
-1;27000;BANANAS;4945;31;;;;;4950;7;4952;31;;;4947.5;139.9765625
-1;27100;PEARLS;9996;2;9995;22;;;10002;7;10004;2;10005;22;9999.0;169.0
-1;27100;BANANAS;4945;24;;;;;4950;7;4952;24;;;4947.5;140.41015625
-1;27200;BANANAS;4950;3;4946;2;4945;31;4952;31;;;;;4951.0;141.75390625
-1;27200;PEARLS;9998;2;9996;2;9995;29;10004;2;10005;29;;;10001.0;169.0
-1;27300;PEARLS;10000;5;9996;2;9995;25;10004;2;10005;25;;;10002.0;169.0
-1;27300;BANANAS;4946;27;;;;;4952;2;4953;25;;;4949.0;148.671875
-1;27400;PEARLS;9996;1;9995;24;;;10004;1;10005;24;;;10000.0;169.0
-1;27400;BANANAS;4946;25;;;;;4952;25;;;;;4949.0;147.921875
-1;27500;BANANAS;4945;26;;;;;4947;1;4950;10;4952;26;4946.0;145.90234375
-1;27500;PEARLS;9996;2;9995;24;;;10002;10;10004;2;10005;24;9999.0;169.0
-1;27600;BANANAS;4945;23;;;;;4952;23;;;;;4948.5;147.48046875
-1;27600;PEARLS;9996;1;9995;22;;;9998;1;10004;1;10005;22;9997.0;169.0
-1;27700;BANANAS;4946;26;;;;;4952;2;4953;24;;;4949.0;151.16015625
-1;27700;PEARLS;9996;2;9995;24;;;10004;2;10005;24;;;10000.0;171.0
-1;27800;PEARLS;9995;28;;;;;10005;28;;;;;10000.0;171.0
-1;27800;BANANAS;4947;28;;;;;4953;28;;;;;4950.0;157.95703125
-1;27900;PEARLS;9996;1;9995;25;;;9998;4;10004;1;10005;25;9997.0;171.0
-1;27900;BANANAS;4947;1;4946;25;;;4953;26;;;;;4950.0;156.5703125
-1;28000;BANANAS;4946;24;;;;;4951;9;4953;24;;;4948.5;150.421875
-1;28000;PEARLS;9995;24;;;;;10002;9;10005;24;;;9998.5;179.0
-1;28100;PEARLS;9995;22;;;;;10005;22;;;;;10000.0;179.0
-1;28100;BANANAS;4945;22;;;;;4952;22;;;;;4948.5;147.734375
-1;28200;PEARLS;9996;1;9995;29;;;10004;1;10005;29;;;10000.0;179.0
-1;28200;BANANAS;4946;30;;;;;4952;1;4953;29;;;4949.0;150.9609375
-1;28300;PEARLS;9996;1;9995;23;;;10002;7;10004;1;10005;23;9999.0;179.0
-1;28300;BANANAS;4946;24;;;;;4951;7;4953;24;;;4948.5;153.12109375
-1;28400;BANANAS;4947;21;;;;;4951;9;4953;21;;;4949.0;157.98046875
-1;28400;PEARLS;9995;21;;;;;10002;9;10005;21;;;9998.5;179.0
-1;28500;PEARLS;9996;1;9995;30;;;10004;1;10005;30;;;10000.0;179.0
-1;28500;BANANAS;4952;1;4947;31;;;4954;31;;;;;4953.0;160.9375
-1;28600;PEARLS;9998;7;9996;2;9995;29;10004;2;10005;29;;;10001.0;179.0
-1;28600;BANANAS;4949;6;4948;31;;;4954;2;4955;29;;;4951.5;167.890625
-1;28700;PEARLS;9996;1;9995;24;;;10004;1;10005;24;;;10000.0;179.0
-1;28700;BANANAS;4948;25;;;;;4955;25;;;;;4951.5;171.0625
-1;28800;BANANAS;4949;2;4948;20;;;4955;22;;;;;4952.0;172.98046875
-1;28800;PEARLS;9996;2;9995;20;;;10004;2;10005;20;;;10000.0;179.0
-1;28900;PEARLS;9995;22;;;;;10005;22;;;;;10000.0;179.0
-1;28900;BANANAS;4949;22;;;;;4956;22;;;;;4952.5;178.72265625
-1;29000;PEARLS;9995;24;;;;;10005;24;;;;;10000.0;179.0
-1;29000;BANANAS;4949;24;;;;;4956;24;;;;;4952.5;180.08984375
-1;29100;BANANAS;4951;9;4950;31;;;4956;31;;;;;4953.5;180.94921875
-1;29100;PEARLS;9998;9;9996;2;9995;29;10004;2;10005;29;;;10001.0;179.0
-1;29200;BANANAS;4950;20;;;;;4955;4;4957;20;;;4952.5;162.0712890625
-1;29200;PEARLS;9995;20;;;;;10002;3;10005;20;;;9998.5;179.0
-1;29300;BANANAS;4950;24;;;;;4956;25;;;;;4953.0;163.01953125
-1;29300;PEARLS;9995;25;;;;;10005;25;;;;;10000.0;179.0
-1;29400;PEARLS;9996;1;9995;23;;;10004;1;10005;23;;;10000.0;179.0
-1;29400;BANANAS;4954;4;4950;1;4949;23;4956;24;;;;;4955.0;163.4169921875
-1;29500;BANANAS;4949;24;;;;;4956;24;;;;;4952.5;169.443359375
-1;29500;PEARLS;10002;1;9996;2;9995;22;10004;2;10005;22;;;10003.0;179.0
-1;29600;BANANAS;4949;20;;;;;4956;20;;;;;4952.5;168.46484375
-1;29600;PEARLS;9995;20;;;;;9998;1;10005;20;;;9996.5;181.0
-1;29700;BANANAS;4950;1;4949;26;;;4956;27;;;;;4953.0;167.7734375
-1;29700;PEARLS;9996;1;9995;26;;;10004;1;10005;26;;;10000.0;183.0
-1;29800;PEARLS;9998;7;9996;1;9995;29;10004;1;10005;29;;;10001.0;183.0
-1;29800;BANANAS;4950;7;4949;30;;;4956;30;;;;;4953.0;171.294921875
-1;29900;BANANAS;4950;9;4949;26;;;4956;27;;;;;4953.0;168.177734375
-1;29900;PEARLS;9998;8;9996;1;9995;26;10000;2;10004;1;10005;26;9999.0;183.0
-1;30000;BANANAS;4950;21;;;;;4955;6;4956;1;4957;20;4952.5;166.62890625
-1;30000;PEARLS;9996;1;9995;20;;;10002;7;10004;1;10005;20;9999.0;183.0
-1;30100;BANANAS;4949;22;;;;;4956;22;;;;;4952.5;172.408203125
-1;30100;PEARLS;9995;22;;;;;10000;5;10005;22;;;9997.5;183.0
-1;30200;PEARLS;9996;2;9995;22;;;10004;2;10005;22;;;10000.0;183.0
-1;30200;BANANAS;4949;24;;;;;4952;2;4956;24;;;4950.5;171.083984375
-1;30300;BANANAS;4949;2;4948;28;;;4953;7;4955;30;;;4951.0;173.3515625
-1;30300;PEARLS;9996;2;9995;28;;;10002;7;10004;2;10005;28;9999.0;183.0
-1;30400;BANANAS;4948;23;;;;;4955;23;;;;;4951.5;176.251953125
-1;30400;PEARLS;9996;2;9995;21;;;10004;2;10005;21;;;10000.0;183.0
-1;30500;BANANAS;4948;29;;;;;4954;1;4955;28;;;4951.0;178.58203125
-1;30500;PEARLS;9996;1;9995;28;;;10004;1;10005;28;;;10000.0;183.0
-1;30600;PEARLS;9995;30;;;;;10005;30;;;;;10000.0;183.0
-1;30600;BANANAS;4948;30;;;;;4955;30;;;;;4951.5;173.82421875
-1;30700;BANANAS;4953;3;4948;23;;;4955;23;;;;;4954.0;175.4921875
-1;30700;PEARLS;9996;1;9995;22;;;10004;1;10005;22;;;10000.0;183.0
-1;30800;BANANAS;4948;29;;;;;4955;29;;;;;4951.5;176.99609375
-1;30800;PEARLS;9995;29;;;;;10005;29;;;;;10000.0;183.0
-1;30900;BANANAS;4950;2;4949;23;;;4955;23;;;;;4952.5;175.92578125
-1;30900;PEARLS;9998;2;9995;23;;;10005;23;;;;;10001.5;183.0
-1;31000;PEARLS;9995;20;;;;;10005;20;;;;;10000.0;183.0
-1;31000;BANANAS;4950;20;;;;;4956;20;;;;;4953.0;167.15234375
-1;31100;BANANAS;4950;22;;;;;4956;1;4957;21;;;4953.0;165.83984375
-1;31100;PEARLS;9996;1;9995;21;;;10004;1;10005;21;;;10000.0;183.0
-1;31200;BANANAS;4950;1;4949;27;;;4956;29;;;;;4953.0;167.78125
-1;31200;PEARLS;9996;2;9995;27;;;10004;2;10005;27;;;10000.0;183.0
-1;31300;BANANAS;4950;30;;;;;4957;30;;;;;4953.5;164.24609375
-1;31300;PEARLS;9995;30;;;;;10005;30;;;;;10000.0;183.0
-1;31400;PEARLS;9996;2;9995;30;;;10004;2;10005;30;;;10000.0;183.0
-1;31400;BANANAS;4951;2;4950;30;;;4957;32;;;;;4954.0;158.4375
-1;31500;BANANAS;4951;22;;;;;4958;23;;;;;4954.5;157.71875
-1;31500;PEARLS;9995;23;;;;;10005;23;;;;;10000.0;183.0
-1;31600;BANANAS;4952;2;4951;32;;;4958;32;;;;;4955.0;153.9765625
-1;31600;PEARLS;9998;2;9996;2;9995;30;10004;2;10005;30;;;10001.0;183.0
-1;31700;BANANAS;4951;29;;;;;4956;2;4958;29;;;4953.5;157.15625
-1;31700;PEARLS;9995;29;;;;;9998;4;10002;2;10005;29;9996.5;183.0
-1;31800;PEARLS;9995;21;;;;;10005;21;;;;;10000.0;191.0
-1;31800;BANANAS;4950;21;;;;;4957;21;;;;;4953.5;161.62890625
-1;31900;BANANAS;4952;9;4951;29;;;4957;2;4958;27;;;4954.5;157.71875
-1;31900;PEARLS;9998;9;9996;2;9995;27;10004;2;10005;27;;;10001.0;191.0
-1;32000;BANANAS;4951;30;;;;;4957;1;4958;29;;;4954.0;157.69140625
-1;32000;PEARLS;9996;1;9995;29;;;10000;3;10004;1;10005;29;9998.0;191.0
-1;32100;BANANAS;4951;31;;;;;4957;1;4958;30;;;4954.0;155.56640625
-1;32100;PEARLS;9996;1;9995;30;;;10004;1;10005;30;;;10000.0;191.0
-1;32200;BANANAS;4951;26;;;;;4956;6;4957;1;4958;25;4953.5;157.43359375
-1;32200;PEARLS;9996;1;9995;25;;;10002;7;10004;1;10005;25;9999.0;191.0
-1;32300;PEARLS;9996;1;9995;25;;;10002;6;10004;1;10005;25;9999.0;191.0
-1;32300;BANANAS;4950;26;;;;;4955;7;4957;26;;;4952.5;160.63671875
-1;32400;PEARLS;9996;2;9995;27;;;10002;1;10004;2;10005;27;9999.0;191.0
-1;32400;BANANAS;4950;29;;;;;4951;1;4955;1;4957;29;4950.5;162.125
-1;32500;BANANAS;4955;1;4950;25;;;4957;25;;;;;4956.0;166.09375
-1;32500;PEARLS;9996;2;9995;23;;;10004;2;10005;23;;;10000.0;191.0
-1;32600;PEARLS;9995;30;;;;;10005;30;;;;;10000.0;191.0
-1;32600;BANANAS;4950;30;;;;;4957;30;;;;;4953.5;168.77734375
-1;32700;PEARLS;10002;1;9996;1;9995;26;10004;1;10005;26;;;10003.0;191.0
-1;32700;BANANAS;4950;27;;;;;4956;1;4957;26;;;4953.0;170.2421875
-1;32800;PEARLS;9995;23;;;;;10005;23;;;;;10000.0;193.0
-1;32800;BANANAS;4949;23;;;;;4956;23;;;;;4952.5;172.80078125
-1;32900;BANANAS;4950;24;;;;;4954;1;4956;24;;;4952.0;171.1328125
-1;32900;PEARLS;9996;1;9995;23;;;10002;1;10004;1;10005;23;9999.0;193.0
-1;33000;PEARLS;10002;1;9996;1;9995;27;10004;1;10005;27;;;10003.0;193.0
-1;33000;BANANAS;4949;28;;;;;4956;28;;;;;4952.5;174.3984375
-1;33100;PEARLS;9995;24;;;;;10005;24;;;;;10000.0;195.0
-1;33100;BANANAS;4948;24;;;;;4955;24;;;;;4951.5;183.48828125
-1;33200;PEARLS;9995;25;;;;;10002;9;10005;25;;;9998.5;195.0
-1;33200;BANANAS;4948;25;;;;;4953;9;4955;25;;;4950.5;183.17578125
-1;33300;BANANAS;4949;26;;;;;4954;7;4955;2;4956;24;4951.5;178.6171875
-1;33300;PEARLS;9996;2;9995;24;;;10002;7;10004;2;10005;24;9999.0;195.0
-1;33400;PEARLS;9995;27;;;;;10005;27;;;;;10000.0;195.0
-1;33400;BANANAS;4949;27;;;;;4956;27;;;;;4952.5;175.29296875
-1;33500;PEARLS;9998;10;9995;25;;;10005;25;;;;;10001.5;195.0
-1;33500;BANANAS;4950;10;4949;25;;;4956;25;;;;;4953.0;172.6171875
-1;33600;PEARLS;9995;27;;;;;10005;27;;;;;10000.0;195.0
-1;33600;BANANAS;4949;27;;;;;4950;1;4956;27;;;4949.5;174.34375
-1;33700;PEARLS;9998;7;9996;1;9995;22;10004;1;10005;22;;;10001.0;195.0
-1;33700;BANANAS;4950;1;4949;23;;;4955;1;4956;22;;;4952.5;180.3046875
-1;33800;BANANAS;4948;26;;;;;4955;26;;;;;4951.5;185.17578125
-1;33800;PEARLS;10002;1;9995;26;;;10005;26;;;;;10003.5;195.0
-1;33900;PEARLS;9995;24;;;;;10005;24;;;;;10000.0;197.0
-1;33900;BANANAS;4948;24;;;;;4955;24;;;;;4951.5;185.3125
-1;34000;PEARLS;10002;1;9996;1;9995;24;10004;1;10005;24;;;10003.0;197.0
-1;34000;BANANAS;4953;1;4948;25;;;4955;25;;;;;4954.0;185.80078125
-1;34100;PEARLS;9996;1;9995;26;;;10004;1;10005;26;;;10000.0;199.0
-1;34100;BANANAS;4948;26;;;;;4949;7;4955;27;;;4948.5;183.90625
-1;34200;BANANAS;4949;27;;;;;4956;27;;;;;4952.5;203.046875
-1;34200;PEARLS;9996;1;9995;26;;;10004;1;10005;26;;;10000.0;199.0
-1;34300;PEARLS;9996;2;9995;20;;;10004;2;10005;20;;;10000.0;199.0
-1;34300;BANANAS;4949;21;;;;;4955;22;;;;;4952.0;204.056640625
-1;34400;PEARLS;9996;2;9995;23;;;10004;2;10005;23;;;10000.0;199.0
-1;34400;BANANAS;4949;1;4948;23;;;4955;25;;;;;4952.0;204.3359375
-1;34500;PEARLS;9995;25;;;;;10002;2;10005;25;;;9998.5;199.0
-1;34500;BANANAS;4948;25;;;;;4953;2;4955;25;;;4950.5;204.93359375
-1;34600;BANANAS;4948;22;;;;;4955;22;;;;;4951.5;204.642578125
-1;34600;PEARLS;9995;22;;;;;10005;22;;;;;10000.0;199.0
-1;34700;PEARLS;9995;29;;;;;9998;5;10005;29;;;9996.5;199.0
-1;34700;BANANAS;4948;29;;;;;4955;29;;;;;4951.5;204.2880859375
-1;34800;PEARLS;10002;1;10000;2;9995;24;10005;24;;;;;10003.5;209.0
-1;34800;BANANAS;4948;24;;;;;4951;6;4955;24;;;4949.5;204.423828125
-1;34900;PEARLS;9996;2;9995;22;;;10004;2;10005;22;;;10000.0;211.0
-1;34900;BANANAS;4949;23;;;;;4955;2;4956;22;;;4952.0;210.263671875
-1;35000;BANANAS;4949;2;4948;20;;;4953;10;4955;22;;;4951.0;209.111328125
-1;35000;PEARLS;9996;2;9995;20;;;10002;10;10004;2;10005;20;9999.0;211.0
-1;35100;PEARLS;9996;1;9995;25;;;10004;1;10005;25;;;10000.0;211.0
-1;35100;BANANAS;4949;26;;;;;4956;26;;;;;4952.5;211.390625
-1;35200;PEARLS;9995;24;;;;;10005;24;;;;;10000.0;211.0
-1;35200;BANANAS;4949;24;;;;;4950;1;4956;24;;;4949.5;212.873046875
-1;35300;PEARLS;9998;9;9995;24;;;10005;24;;;;;10001.5;211.0
-1;35300;BANANAS;4951;9;4950;24;;;4957;24;;;;;4954.0;218.025390625
-1;35400;BANANAS;4950;22;;;;;4957;22;;;;;4953.5;220.3828125
-1;35400;PEARLS;9995;22;;;;;10005;22;;;;;10000.0;211.0
-1;35500;PEARLS;10002;5;9995;25;;;10005;25;;;;;10003.5;211.0
-1;35500;BANANAS;4950;25;;;;;4951;1;4957;25;;;4950.5;220.43359375
-1;35600;PEARLS;9998;10;9996;1;9995;26;10004;1;10005;26;;;10001.0;221.0
-1;35600;BANANAS;4950;10;4949;26;;;4956;27;;;;;4953.0;217.77734375
-1;35700;PEARLS;10002;1;9996;1;9995;26;10004;1;10005;26;;;10003.0;221.0
-1;35700;BANANAS;4950;27;;;;;4955;1;4957;27;;;4952.5;223.107421875
-1;35800;BANANAS;4950;30;;;;;4956;2;4957;28;;;4953.0;220.0390625
-1;35800;PEARLS;9996;2;9995;28;;;10004;2;10005;28;;;10000.0;223.0
-1;35900;PEARLS;9996;1;9995;29;;;10002;3;10004;1;10005;29;9999.0;223.0
-1;35900;BANANAS;4950;1;4949;29;;;4951;4;4954;3;4956;30;4950.5;218.75390625
-1;36000;PEARLS;9995;28;;;;;9998;1;10005;28;;;9996.5;223.0
-1;36000;BANANAS;4950;28;;;;;4957;28;;;;;4953.5;232.7265625
-1;36100;PEARLS;9995;26;;;;;9998;4;10005;26;;;9996.5;225.0
-1;36100;BANANAS;4950;26;;;;;4957;26;;;;;4953.5;233.3984375
-1;36200;BANANAS;4950;30;;;;;4955;3;4957;30;;;4952.5;234.03515625
-1;36200;PEARLS;9996;1;9995;29;;;10002;3;10004;1;10005;29;9999.0;233.0
-1;36300;PEARLS;9995;22;;;;;9998;1;10005;22;;;9996.5;233.0
-1;36300;BANANAS;4951;21;;;;;4958;22;;;;;4954.5;238.8203125
-1;36400;PEARLS;9996;1;9995;27;;;10002;5;10004;1;10005;27;9999.0;235.0
-1;36400;BANANAS;4950;28;;;;;4955;5;4957;28;;;4952.5;231.29296875
-1;36500;BANANAS;4951;1;4950;26;;;4955;10;4957;27;;;4953.0;234.4453125
-1;36500;PEARLS;9996;1;9995;26;;;10002;10;10004;1;10005;26;9999.0;235.0
-1;36600;BANANAS;4951;1;4950;21;;;4957;21;;;;;4954.0;227.734375
-1;36600;PEARLS;10002;4;9998;1;9995;21;10005;21;;;;;10003.5;235.0
-1;36700;BANANAS;4954;11;4949;30;;;4956;30;;;;;4955.0;226.265625
-1;36700;PEARLS;10002;1;9995;30;;;10005;30;;;;;10003.5;243.0
-1;36800;PEARLS;10002;1;9996;1;9995;26;10004;1;10005;26;;;10003.0;245.0
-1;36800;BANANAS;4950;27;;;;;4953;2;4957;27;;;4951.5;237.50341796875
-1;36900;PEARLS;9996;2;9995;29;;;10002;3;10004;2;10005;29;9999.0;247.0
-1;36900;BANANAS;4950;31;;;;;4955;3;4957;31;;;4952.5;237.341796875
-1;37000;BANANAS;4953;2;4951;4;4950;23;4957;23;;;;;4955.0;237.2041015625
-1;37000;PEARLS;9998;4;9995;23;;;10005;23;;;;;10001.5;247.0
-1;37100;PEARLS;9996;1;9995;23;;;10004;1;10005;23;;;10000.0;247.0
-1;37100;BANANAS;4955;1;4950;24;;;4957;24;;;;;4956.0;237.0478515625
-1;37200;PEARLS;9998;2;9995;22;;;10005;22;;;;;10001.5;247.0
-1;37200;BANANAS;4951;3;4950;22;;;4957;22;;;;;4954.0;238.37890625
-1;37300;PEARLS;10002;5;9995;27;;;10005;27;;;;;10003.5;247.0
-1;37300;BANANAS;4950;27;;;;;4955;7;4957;27;;;4952.5;239.494140625
-1;37400;BANANAS;4950;1;4949;22;;;4956;23;;;;;4953.0;240.541015625
-1;37400;PEARLS;9996;1;9995;22;;;10004;1;10005;22;;;10000.0;247.0
-1;37500;PEARLS;10002;1;9998;2;9995;29;10005;29;;;;;10003.5;247.0
-1;37500;BANANAS;4955;1;4951;2;4950;29;4957;29;;;;;4956.0;238.7109375
-1;37600;PEARLS;9996;2;9995;24;;;10004;2;10005;24;;;10000.0;249.0
-1;37600;BANANAS;4950;26;;;;;4957;26;;;;;4953.5;240.58203125
-1;37700;PEARLS;9996;1;9995;28;;;10004;1;10005;28;;;10000.0;249.0
-1;37700;BANANAS;4955;1;4950;29;;;4957;29;;;;;4956.0;239.744140625
-1;37800;BANANAS;4950;29;;;;;4957;29;;;;;4953.5;242.3046875
-1;37800;PEARLS;9996;2;9995;27;;;10004;2;10005;27;;;10000.0;249.0
-1;37900;BANANAS;4950;29;;;;;4952;2;4957;29;;;4951.0;240.01953125
-1;37900;PEARLS;9996;2;9995;27;;;10000;3;10004;2;10005;27;9998.0;249.0
-1;38000;PEARLS;9995;25;;;;;10002;5;10005;25;;;9998.5;249.0
-1;38000;BANANAS;4950;25;;;;;4954;5;4956;25;;;4952.0;245.92578125
-1;38100;BANANAS;4949;28;;;;;4950;1;4956;28;;;4949.5;247.8984375
-1;38100;PEARLS;9995;28;;;;;10005;28;;;;;10000.0;249.0
-1;38200;BANANAS;4950;5;4949;23;;;4956;23;;;;;4953.0;250.71484375
-1;38200;PEARLS;9995;23;;;;;9998;2;10005;23;;;9996.5;249.0
-1;38300;BANANAS;4949;1;4948;26;;;4955;27;;;;;4952.0;252.63671875
-1;38300;PEARLS;9996;1;9995;26;;;10004;1;10005;26;;;10000.0;253.0
-1;38400;PEARLS;10002;1;9995;21;;;10005;21;;;;;10003.5;253.0
-1;38400;BANANAS;4948;21;;;;;4949;1;4955;21;;;4948.5;252.4013671875
-1;38500;BANANAS;4954;1;4949;25;;;4955;2;4956;23;;;4954.5;254.921875
-1;38500;PEARLS;10002;1;9996;2;9995;23;10004;2;10005;23;;;10003.0;255.0
-1;38600;BANANAS;4948;27;;;;;4955;27;;;;;4951.5;257.1328125
-1;38600;PEARLS;10002;5;9995;27;;;10005;27;;;;;10003.5;257.0
-1;38700;BANANAS;4949;30;;;;;4955;1;4956;29;;;4952.0;256.771484375
-1;38700;PEARLS;9996;1;9995;29;;;10004;1;10005;29;;;10000.0;257.0
-1;38800;PEARLS;9995;27;;;;;10005;27;;;;;10000.0;257.0
-1;38800;BANANAS;4949;27;;;;;4956;27;;;;;4952.5;256.705078125
-1;38900;BANANAS;4950;26;;;;;4955;4;4956;1;4957;25;4952.5;253.8916015625
-1;38900;PEARLS;9996;1;9995;25;;;10004;1;10005;25;;;10000.0;257.0
-1;39000;BANANAS;4950;29;;;;;4957;29;;;;;4953.5;253.193359375
-1;39000;PEARLS;9995;29;;;;;10005;29;;;;;10000.0;257.0
-1;39100;BANANAS;4949;30;;;;;4954;10;4956;30;;;4951.5;255.0810546875
-1;39100;PEARLS;9996;1;9995;29;;;10002;10;10004;1;10005;29;9999.0;257.0
-1;39200;PEARLS;9995;24;;;;;10005;24;;;;;10000.0;257.0
-1;39200;BANANAS;4955;1;4949;24;;;4956;24;;;;;4955.5;254.212890625
-1;39300;BANANAS;4950;3;4949;27;;;4956;27;;;;;4953.0;258.685546875
-1;39300;PEARLS;9998;3;9996;1;9995;26;10004;1;10005;26;;;10001.0;257.0
-1;39400;BANANAS;4950;2;4949;27;;;4956;29;;;;;4953.0;256.6015625
-1;39400;PEARLS;9996;2;9995;27;;;10004;2;10005;27;;;10000.0;257.0
-1;39500;BANANAS;4950;22;;;;;4957;22;;;;;4953.5;254.0703125
-1;39500;PEARLS;9996;2;9995;20;;;10004;2;10005;20;;;10000.0;257.0
-1;39600;PEARLS;9995;22;;;;;10005;22;;;;;10000.0;257.0
-1;39600;BANANAS;4949;22;;;;;4956;22;;;;;4952.5;256.54296875
-1;39700;BANANAS;4949;20;;;;;4956;20;;;;;4952.5;256.71484375
-1;39700;PEARLS;9995;20;;;;;10005;20;;;;;10000.0;257.0
-1;39800;BANANAS;4949;31;;;;;4954;3;4956;31;;;4951.5;257.720703125
-1;39800;PEARLS;9996;1;9995;30;;;10002;3;10004;1;10005;30;9999.0;257.0
-1;39900;BANANAS;4950;1;4949;32;;;4956;32;;;;;4953.0;258.498046875
-1;39900;PEARLS;9998;1;9996;2;9995;30;10004;2;10005;30;;;10001.0;257.0
-1;40000;PEARLS;9998;9;9996;1;9995;30;10004;1;10005;30;;;10001.0;257.0
-1;40000;BANANAS;4953;5;4950;9;4949;31;4955;1;4956;30;;;4954.0;259.751953125
-1;40100;BANANAS;4949;27;;;;;4956;27;;;;;4952.5;262.40625
-1;40100;PEARLS;10002;1;9995;27;;;10005;27;;;;;10003.5;257.0
-1;40200;BANANAS;4949;23;;;;;4954;7;4956;23;;;4951.5;261.49609375
-1;40200;PEARLS;9996;1;9995;22;;;10002;7;10004;1;10005;22;9999.0;259.0
-1;40300;BANANAS;4949;25;;;;;4955;1;4956;24;;;4952.0;264.21484375
-1;40300;PEARLS;9996;1;9995;24;;;10000;4;10004;1;10005;24;9998.0;259.0
-1;40400;PEARLS;9996;1;9995;20;;;10002;10;10004;1;10005;20;9999.0;259.0
-1;40400;BANANAS;4948;21;;;;;4953;10;4954;1;4955;20;4950.5;272.90234375
-1;40500;BANANAS;4948;24;;;;;4951;2;4955;24;;;4949.5;273.453125
-1;40500;PEARLS;9995;24;;;;;10005;24;;;;;10000.0;259.0
-1;40600;BANANAS;4948;2;4947;24;;;4954;26;;;;;4951.0;275.6875
-1;40600;PEARLS;9996;2;9995;24;;;9998;7;10004;2;10005;24;9997.0;259.0
-1;40700;BANANAS;4948;26;;;;;4955;26;;;;;4951.5;270.0859375
-1;40700;PEARLS;9996;2;9995;24;;;10004;2;10005;24;;;10000.0;273.0
-1;40800;PEARLS;9995;29;;;;;10005;29;;;;;10000.0;273.0
-1;40800;BANANAS;4948;29;;;;;4955;29;;;;;4951.5;270.4609375
-1;40900;PEARLS;9995;22;;;;;10005;22;;;;;10000.0;273.0
-1;40900;BANANAS;4948;22;;;;;4955;22;;;;;4951.5;269.1796875
-1;41000;BANANAS;4949;5;4948;22;;;4951;4;4955;22;;;4950.0;271.33984375
-1;41000;PEARLS;9998;5;9995;22;;;10005;22;;;;;10001.5;273.0
-1;41100;BANANAS;4947;23;;;;;4954;23;;;;;4950.5;275.6875
-1;41100;PEARLS;9996;1;9995;22;;;10004;1;10005;22;;;10000.0;273.0
-1;41200;BANANAS;4947;26;;;;;4954;26;;;;;4950.5;275.9541015625
-1;41200;PEARLS;9996;1;9995;25;;;9998;8;10004;1;10005;25;9997.0;273.0
-1;41300;PEARLS;9996;1;9995;20;;;10000;6;10002;2;10004;1;9998.0;289.0
-1;41300;BANANAS;4946;21;;;;;4951;2;4953;21;;;4948.5;278.09765625
-1;41400;PEARLS;9995;23;;;;;10005;23;;;;;10000.0;289.0
-1;41400;BANANAS;4947;22;;;;;4950;4;4954;23;;;4948.5;274.908203125
-1;41500;BANANAS;4948;6;4947;30;;;4954;30;;;;;4951.0;275.765625
-1;41500;PEARLS;9998;5;9995;30;;;10005;30;;;;;10001.5;289.0
-1;41600;PEARLS;9996;1;9995;27;;;9998;5;10004;1;10005;27;9997.0;289.0
-1;41600;BANANAS;4948;1;4947;27;;;4954;28;;;;;4951.0;277.849609375
-1;41700;PEARLS;9995;20;;;;;10005;20;;;;;10000.0;299.0
-1;41700;BANANAS;4947;20;;;;;4954;20;;;;;4950.5;277.29296875
-1;41800;PEARLS;9996;2;9995;28;;;10002;3;10004;2;10005;28;9999.0;299.0
-1;41800;BANANAS;4947;30;;;;;4952;3;4954;30;;;4949.5;277.0478515625
-1;41900;BANANAS;4949;4;4948;30;;;4955;30;;;;;4952.0;279.1328125
-1;41900;PEARLS;9998;4;9996;2;9995;28;10004;2;10005;28;;;10001.0;299.0
-1;42000;PEARLS;9996;2;9995;28;;;10004;2;10005;28;;;10000.0;299.0
-1;42000;BANANAS;4948;30;;;;;4955;30;;;;;4951.5;279.708984375
-1;42100;PEARLS;9995;24;;;;;10005;24;;;;;10000.0;299.0
-1;42100;BANANAS;4948;24;;;;;4955;24;;;;;4951.5;279.8779296875
-1;42200;PEARLS;9995;26;;;;;10002;4;10005;26;;;9998.5;299.0
-1;42200;BANANAS;4948;26;;;;;4953;4;4955;26;;;4950.5;280.107421875
-1;42300;BANANAS;4953;1;4948;24;;;4955;24;;;;;4954.0;279.50390625
-1;42300;PEARLS;10000;4;9995;24;;;10005;24;;;;;10002.5;299.0
-1;42400;BANANAS;4948;25;;;;;4954;1;4955;24;;;4951.0;280.2392578125
-1;42400;PEARLS;9996;1;9995;24;;;9998;5;10004;1;10005;24;9997.0;299.0
-1;42500;PEARLS;9996;2;9995;22;;;10004;2;10005;22;;;10000.0;309.0
-1;42500;BANANAS;4948;23;;;;;4954;2;4955;22;;;4951.0;280.1748046875
-1;42600;PEARLS;9995;25;;;;;10002;10;10005;25;;;9998.5;309.0
-1;42600;BANANAS;4947;25;;;;;4952;10;4954;25;;;4949.5;279.7099609375
-1;42700;PEARLS;9996;2;9995;20;;;10004;2;10005;20;;;10000.0;309.0
-1;42700;BANANAS;4947;21;;;;;4954;22;;;;;4950.5;278.7685546875
-1;42800;BANANAS;4947;23;;;;;4954;23;;;;;4950.5;278.2333984375
-1;42800;PEARLS;9995;23;;;;;10005;23;;;;;10000.0;309.0
-1;42900;PEARLS;9995;22;;;;;10005;22;;;;;10000.0;309.0
-1;42900;BANANAS;4946;22;;;;;4953;22;;;;;4949.5;277.751953125
-1;43000;PEARLS;10002;7;9996;1;9995;24;10004;1;10005;24;;;10003.0;309.0
-1;43000;BANANAS;4946;25;;;;;4953;25;;;;;4949.5;276.5986328125
-1;43100;PEARLS;9996;2;9995;23;;;10002;3;10004;2;10005;23;9999.0;323.0
-1;43100;BANANAS;4946;25;;;;;4951;3;4952;2;4953;23;4948.5;276.4990234375
-1;43200;BANANAS;4946;28;;;;;4953;28;;;;;4949.5;277.09765625
-1;43200;PEARLS;9996;1;9995;27;;;10000;1;10004;1;10005;27;9998.0;323.0
-1;43300;PEARLS;9995;20;;;;;10005;20;;;;;10000.0;323.0
-1;43300;BANANAS;4946;20;;;;;4953;20;;;;;4949.5;276.326171875
-1;43400;PEARLS;9996;2;9995;27;;;10002;8;10004;2;10005;27;9999.0;323.0
-1;43400;BANANAS;4946;28;;;;;4951;8;4952;2;4953;27;4948.5;276.5166015625
-1;43500;PEARLS;9996;1;9995;23;;;10002;10;10004;1;10005;23;9999.0;323.0
-1;43500;BANANAS;4946;24;;;;;4951;10;4952;1;4953;23;4948.5;276.103515625
-1;43600;BANANAS;4945;21;;;;;4950;1;4952;21;;;4947.5;275.44921875
-1;43600;PEARLS;9995;21;;;;;10002;1;10005;21;;;9998.5;323.0
-1;43700;PEARLS;9996;2;9995;26;;;10004;2;10005;26;;;10000.0;323.0
-1;43700;BANANAS;4946;2;4945;26;;;4952;28;;;;;4949.0;275.4931640625
-1;43800;PEARLS;9995;25;;;;;9998;1;10005;25;;;9996.5;323.0
-1;43800;BANANAS;4945;25;;;;;4952;25;;;;;4948.5;274.203125
-1;43900;PEARLS;9995;28;;;;;10005;28;;;;;10000.0;325.0
-1;43900;BANANAS;4945;28;;;;;4952;28;;;;;4948.5;274.4619140625
-1;44000;BANANAS;4945;26;;;;;4948;6;4951;26;;;4946.5;274.02734375
-1;44000;PEARLS;10002;4;9996;1;9995;25;10004;1;10005;25;;;10003.0;325.0
-1;44100;PEARLS;9996;2;9995;28;;;10004;2;10005;28;;;10000.0;333.0
-1;44100;BANANAS;4945;1;4944;28;;;4951;30;;;;;4948.0;272.4140625
-1;44200;PEARLS;9998;4;9996;2;9995;20;10004;2;10005;20;;;10001.0;333.0
-1;44200;BANANAS;4945;6;4944;20;;;4951;22;;;;;4948.0;272.43359375
-1;44300;PEARLS;9996;1;9995;24;;;10004;1;10005;24;;;10000.0;333.0
-1;44300;BANANAS;4945;25;;;;;4952;25;;;;;4948.5;277.578125
-1;44400;BANANAS;4945;30;;;;;4952;30;;;;;4948.5;276.82421875
-1;44400;PEARLS;9996;1;9995;29;;;10004;1;10005;29;;;10000.0;333.0
-1;44500;PEARLS;9996;1;9995;26;;;10004;1;10005;26;;;10000.0;333.0
-1;44500;BANANAS;4945;27;;;;;4952;27;;;;;4948.5;278.453125
-1;44600;PEARLS;9995;23;;;;;10005;23;;;;;10000.0;333.0
-1;44600;BANANAS;4945;23;;;;;4952;23;;;;;4948.5;276.50390625
-1;44700;PEARLS;9996;1;9995;23;;;10002;9;10004;1;10005;23;9999.0;333.0
-1;44700;BANANAS;4945;1;4944;23;;;4949;9;4951;24;;;4947.0;272.96875
-1;44800;BANANAS;4945;2;4944;22;;;4949;10;4951;24;;;4947.0;272.07421875
-1;44800;PEARLS;9996;2;9995;22;;;10002;10;10004;2;10005;22;9999.0;333.0
-1;44900;PEARLS;9995;26;;;;;10002;6;10005;26;;;9998.5;333.0
-1;44900;BANANAS;4945;26;;;;;4950;6;4952;26;;;4947.5;274.31640625
-1;45000;PEARLS;9996;1;9995;26;;;10004;1;10005;26;;;10000.0;333.0
-1;45000;BANANAS;4945;27;;;;;4951;1;4952;26;;;4948.0;275.43359375
-1;45100;PEARLS;9996;2;9995;25;;;9998;1;10004;2;10005;25;9997.0;333.0
-1;45100;BANANAS;4945;27;;;;;4951;2;4952;25;;;4948.0;274.62890625
-1;45200;BANANAS;4945;27;;;;;4952;27;;;;;4948.5;278.95703125
-1;45200;PEARLS;9995;27;;;;;10005;27;;;;;10000.0;335.0
-1;45300;BANANAS;4945;29;;;;;4946;1;4952;29;;;4945.5;278.94140625
-1;45300;PEARLS;9996;1;9995;28;;;9998;1;10004;1;10005;28;9997.0;335.0
-1;45400;PEARLS;9996;1;9995;27;;;10004;1;10005;27;;;10000.0;337.0
-1;45400;BANANAS;4946;28;;;;;4952;1;4953;27;;;4949.0;287.09375
-1;45500;BANANAS;4946;1;4945;23;;;4952;24;;;;;4949.0;284.33203125
-1;45500;PEARLS;9996;1;9995;23;;;10004;1;10005;23;;;10000.0;337.0
-1;45600;BANANAS;4951;1;4946;1;4945;24;4952;25;;;;;4951.5;284.12109375
-1;45600;PEARLS;9996;1;9995;24;;;10004;1;10005;24;;;10000.0;337.0
-1;45700;PEARLS;10002;4;9995;30;;;10005;30;;;;;10003.5;337.0
-1;45700;BANANAS;4945;30;;;;;4952;30;;;;;4948.5;285.15234375
-1;45800;PEARLS;9996;2;9995;24;;;10004;2;10005;24;;;10000.0;345.0
-1;45800;BANANAS;4946;2;4945;24;;;4952;26;;;;;4949.0;285.05078125
-1;45900;PEARLS;9996;1;9995;21;;;10002;1;10004;1;10005;21;9999.0;345.0
-1;45900;BANANAS;4946;1;4945;21;;;4950;1;4952;22;;;4948.0;286.203125
-1;46000;BANANAS;4946;27;;;;;4952;2;4953;25;;;4949.0;287.2578125
-1;46000;PEARLS;9996;2;9995;25;;;9998;5;10004;2;10005;25;9997.0;345.0
-1;46100;PEARLS;9996;2;9995;25;;;10004;2;10005;25;;;10000.0;364.0
-1;46100;BANANAS;4945;27;;;;;4946;1;4952;27;;;4945.5;284.73046875
-1;46200;PEARLS;9995;28;;;;;10005;28;;;;;10000.0;364.0
-1;46200;BANANAS;4945;28;;;;;4946;2;4952;28;;;4945.5;282.43359375
-1;46300;PEARLS;9996;1;9995;22;;;10004;1;10005;22;;;10000.0;364.0
-1;46300;BANANAS;4950;1;4945;1;4944;22;4951;23;;;;;4950.5;283.7578125
-1;46400;BANANAS;4944;26;;;;;4951;26;;;;;4947.5;283.5703125
-1;46400;PEARLS;9995;26;;;;;10005;26;;;;;10000.0;364.0
-1;46500;PEARLS;9996;2;9995;23;;;10002;5;10004;2;10005;23;9999.0;364.0
-1;46500;BANANAS;4944;25;;;;;4945;1;4949;5;4951;25;4944.5;282.9296875
-1;46600;PEARLS;9996;2;9995;21;;;10002;2;10004;2;10005;21;9999.0;364.0
-1;46600;BANANAS;4947;4;4944;23;;;4949;2;4951;23;;;4948.0;286.31640625
-1;46700;PEARLS;9996;1;9995;22;;;10004;1;10005;22;;;10000.0;364.0
-1;46700;BANANAS;4944;23;;;;;4951;23;;;;;4947.5;284.76953125
-1;46800;BANANAS;4945;6;4944;22;;;4951;23;;;;;4948.0;288.4296875
-1;46800;PEARLS;9998;4;9996;1;9995;22;10004;1;10005;22;;;10001.0;364.0
-1;46900;BANANAS;4950;1;4944;28;;;4951;28;;;;;4950.5;286.4609375
-1;46900;PEARLS;9996;2;9995;26;;;10004;2;10005;26;;;10000.0;364.0
-1;47000;PEARLS;9995;20;;;;;10002;8;10005;20;;;9998.5;364.0
-1;47000;BANANAS;4944;20;;;;;4949;8;4951;20;;;4946.5;282.46484375
-1;47100;BANANAS;4945;4;4944;24;;;4951;24;;;;;4948.0;287.51171875
-1;47100;PEARLS;9998;5;9995;24;;;10005;24;;;;;10001.5;364.0
-1;47200;BANANAS;4950;1;4944;29;;;4951;29;;;;;4950.5;291.046875
-1;47200;PEARLS;9995;29;;;;;10005;29;;;;;10000.0;364.0
-1;47300;BANANAS;4944;24;;;;;4951;24;;;;;4947.5;291.89453125
-1;47300;PEARLS;9995;24;;;;;10005;24;;;;;10000.0;364.0
-1;47400;PEARLS;9996;2;9995;24;;;10002;5;10004;2;10005;24;9999.0;364.0
-1;47400;BANANAS;4945;26;;;;;4950;5;4951;2;4952;24;4947.5;295.078125
-1;47500;BANANAS;4944;28;;;;;4950;28;;;;;4947.0;285.05859375
-1;47500;PEARLS;9995;28;;;;;10005;28;;;;;10000.0;364.0
-1;47600;BANANAS;4943;21;;;;;4950;21;;;;;4946.5;283.37890625
-1;47600;PEARLS;9995;21;;;;;10005;21;;;;;10000.0;364.0
-1;47700;BANANAS;4943;24;;;;;4949;1;4950;23;;;4946.0;276.8671875
-1;47700;PEARLS;9996;1;9995;23;;;9998;1;10004;1;10005;23;9997.0;364.0
-1;47800;PEARLS;9995;22;;;;;9998;1;10002;8;10005;22;9996.5;366.0
-1;47800;BANANAS;4943;22;;;;;4948;8;4950;22;;;4945.5;276.9296875
-1;47900;BANANAS;4944;1;4943;21;;;4949;21;;;;;4946.5;275.95703125
-1;47900;PEARLS;9998;1;9995;21;;;10005;21;;;;;10001.5;368.0
-1;48000;BANANAS;4943;5;4942;27;;;4949;29;;;;;4946.0;275.453125
-1;48000;PEARLS;9998;3;9996;2;9995;27;10004;2;10005;27;;;10001.0;368.0
-1;48100;BANANAS;4942;29;;;;;4949;29;;;;;4945.5;275.0234375
-1;48100;PEARLS;9995;29;;;;;10005;29;;;;;10000.0;368.0
-1;48200;PEARLS;9996;1;9995;25;;;10004;1;10005;25;;;10000.0;368.0
-1;48200;BANANAS;4942;26;;;;;4949;26;;;;;4945.5;273.0
-1;48300;BANANAS;4948;1;4942;29;;;4949;29;;;;;4948.5;272.015625
-1;48300;PEARLS;9995;29;;;;;10005;29;;;;;10000.0;368.0
-1;48400;BANANAS;4947;1;4942;22;;;4949;22;;;;;4948.0;271.28125
-1;48400;PEARLS;9995;22;;;;;10005;22;;;;;10000.0;368.0
-1;48500;BANANAS;4942;25;;;;;4949;25;;;;;4945.5;271.43359375
-1;48500;PEARLS;9995;25;;;;;10005;25;;;;;10000.0;368.0
-1;48600;PEARLS;9996;2;9995;20;;;10002;4;10004;2;10005;20;9999.0;368.0
-1;48600;BANANAS;4942;22;;;;;4947;4;4948;2;4949;20;4944.5;271.36328125
-1;48700;BANANAS;4941;21;;;;;4948;21;;;;;4944.5;267.5
-1;48700;PEARLS;10002;2;9995;21;;;10005;21;;;;;10003.5;368.0
-1;48800;BANANAS;4943;10;4942;31;;;4949;31;;;;;4946.0;272.9453125
-1;48800;PEARLS;9998;10;9996;2;9995;29;10004;2;10005;29;;;10001.0;372.0
-1;48900;BANANAS;4942;3;4941;24;;;4948;25;;;;;4945.0;268.734375
-1;48900;PEARLS;9998;3;9996;1;9995;24;10004;1;10005;24;;;10001.0;372.0
-1;49000;PEARLS;9995;29;;;;;10005;29;;;;;10000.0;372.0
-1;49000;BANANAS;4941;29;;;;;4948;29;;;;;4944.5;266.82421875
-1;49100;BANANAS;4942;3;4941;26;;;4948;26;;;;;4945.0;262.52734375
-1;49100;PEARLS;9998;3;9995;26;;;10005;26;;;;;10001.5;372.0
-1;49200;BANANAS;4940;25;;;;;4946;2;4947;23;;;4943.0;255.20703125
-1;49200;PEARLS;9996;2;9995;23;;;10004;2;10005;23;;;10000.0;372.0
-1;49300;BANANAS;4945;1;4940;29;;;4946;29;;;;;4945.5;248.2265625
-1;49300;PEARLS;9995;29;;;;;10005;29;;;;;10000.0;372.0
-1;49400;PEARLS;9998;5;9996;1;9995;21;10004;1;10005;21;;;10001.0;372.0
-1;49400;BANANAS;4945;1;4941;5;4940;22;4947;22;;;;;4946.0;252.6640625
-1;49500;BANANAS;4940;23;;;;;4947;23;;;;;4943.5;257.02734375
-1;49500;PEARLS;9995;23;;;;;10005;23;;;;;10000.0;372.0
-1;49600;BANANAS;4940;22;;;;;4947;22;;;;;4943.5;255.3984375
-1;49600;PEARLS;9995;22;;;;;10005;22;;;;;10000.0;372.0
-1;49700;BANANAS;4941;24;;;;;4946;9;4947;2;4948;22;4943.5;260.12890625
-1;49700;PEARLS;9996;2;9995;22;;;10002;8;10004;2;10005;22;9999.0;372.0
-1;49800;BANANAS;4941;22;;;;;4948;22;;;;;4944.5;261.31640625
-1;49800;PEARLS;9996;1;9995;21;;;9998;1;10004;1;10005;21;9997.0;372.0
-1;49900;PEARLS;9996;2;9995;20;;;10004;2;10005;20;;;10000.0;374.0
-1;49900;BANANAS;4941;22;;;;;4946;1;4947;2;4948;20;4943.5;259.9921875
-1;50000;BANANAS;4943;1;4940;30;;;4947;30;;;;;4945.0;254.0625
-1;50000;PEARLS;9996;1;9995;29;;;10004;1;10005;29;;;10000.0;374.0
-1;50100;BANANAS;4941;32;;;;;4947;2;4948;30;;;4944.0;258.921875
-1;50100;PEARLS;9996;2;9995;30;;;10004;2;10005;30;;;10000.0;374.0
-1;50200;PEARLS;9998;1;9996;2;9995;23;10004;2;10005;23;;;10001.0;374.0
-1;50200;BANANAS;4942;1;4941;25;;;4948;25;;;;;4945.0;265.15234375
-1;50300;PEARLS;9996;1;9995;25;;;10002;5;10004;1;10005;25;9999.0;374.0
-1;50300;BANANAS;4942;1;4941;25;;;4946;6;4948;26;;;4944.0;267.4765625
-1;50400;PEARLS;10002;4;9996;1;9995;29;10004;1;10005;29;;;10003.0;374.0
-1;50400;BANANAS;4942;1;4941;29;;;4948;30;;;;;4945.0;265.40234375
-1;50500;BANANAS;4942;1;4941;28;;;4948;29;;;;;4945.0;267.5390625
-1;50500;PEARLS;10002;4;9996;1;9995;28;10004;1;10005;28;;;10003.0;382.0
-1;50600;PEARLS;9996;1;9995;23;;;10004;1;10005;23;;;10000.0;390.0
-1;50600;BANANAS;4947;1;4942;24;;;4948;1;4949;23;;;4947.5;268.56640625
-1;50700;PEARLS;9995;25;;;;;10002;3;10005;25;;;9998.5;390.0
-1;50700;BANANAS;4941;25;;;;;4943;1;4946;3;4948;25;4942.0;269.28515625
-1;50800;PEARLS;9995;24;;;;;9998;1;10002;6;10005;24;9996.5;390.0
-1;50800;BANANAS;4941;24;;;;;4946;6;4948;24;;;4943.5;270.51953125
-1;50900;BANANAS;4941;27;;;;;4948;27;;;;;4944.5;268.359375
-1;50900;PEARLS;9996;1;9995;26;;;10004;1;10005;26;;;10000.0;392.0
-1;51000;PEARLS;9996;2;9995;22;;;10004;2;10005;22;;;10000.0;392.0
-1;51000;BANANAS;4942;2;4941;22;;;4948;24;;;;;4945.0;271.61328125
-1;51100;PEARLS;9996;1;9995;26;;;10004;1;10005;26;;;10000.0;392.0
-1;51100;BANANAS;4941;27;;;;;4948;27;;;;;4944.5;268.078125
-1;51200;PEARLS;9996;2;9995;30;;;10004;2;10005;30;;;10000.0;392.0
-1;51200;BANANAS;4941;2;4940;30;;;4947;32;;;;;4944.0;260.08203125
-1;51300;PEARLS;9996;2;9995;23;;;10004;2;10005;23;;;10000.0;392.0
-1;51300;BANANAS;4941;25;;;;;4947;25;;;;;4944.0;261.953125
-1;51400;BANANAS;4941;23;;;;;4948;23;;;;;4944.5;262.34765625
-1;51400;PEARLS;9995;23;;;;;10005;23;;;;;10000.0;392.0
-1;51500;PEARLS;9996;2;9995;20;;;10004;2;10005;20;;;10000.0;392.0
-1;51500;BANANAS;4941;22;;;;;4948;22;;;;;4944.5;265.7265625
-1;51600;PEARLS;9996;2;9995;29;;;10004;2;10005;29;;;10000.0;392.0
-1;51600;BANANAS;4941;31;;;;;4947;2;4948;29;;;4944.0;263.8046875
-1;51700;PEARLS;9996;2;9995;30;;;10002;5;10004;2;10005;30;9999.0;392.0
-1;51700;BANANAS;4941;32;;;;;4946;5;4947;2;4948;30;4943.5;264.73828125
-1;51800;BANANAS;4942;2;4941;24;;;4948;26;;;;;4945.0;269.25
-1;51800;PEARLS;9996;2;9995;24;;;10004;2;10005;24;;;10000.0;392.0
-1;51900;PEARLS;9996;1;9995;26;;;10002;6;10004;1;10005;26;9999.0;392.0
-1;51900;BANANAS;4941;27;;;;;4946;6;4948;27;;;4943.5;267.25390625
-1;52000;PEARLS;10000;3;9996;1;9995;23;10004;1;10005;23;;;10002.0;392.0
-1;52000;BANANAS;4941;24;;;;;4947;1;4948;23;;;4944.0;262.98046875
-1;52100;PEARLS;9995;30;;;;;10005;30;;;;;10000.0;392.0
-1;52100;BANANAS;4940;30;;;;;4947;30;;;;;4943.5;260.28515625
-1;52200;BANANAS;4941;28;;;;;4946;3;4948;28;;;4943.5;264.796875
-1;52200;PEARLS;9995;28;;;;;10002;3;10005;28;;;9998.5;392.0
-1;52300;PEARLS;9995;21;;;;;10002;3;10005;21;;;9998.5;392.0
-1;52300;BANANAS;4940;21;;;;;4945;2;4947;21;;;4942.5;261.4609375
-1;52400;PEARLS;10000;6;9996;2;9995;22;10004;2;10005;22;;;10002.0;392.0
-1;52400;BANANAS;4941;2;4940;22;;;4947;24;;;;;4944.0;261.390625
-1;52500;PEARLS;9996;1;9995;30;;;10004;1;10005;30;;;10000.0;392.0
-1;52500;BANANAS;4941;1;4940;30;;;4947;31;;;;;4944.0;261.03125
-1;52600;BANANAS;4941;24;;;;;4947;1;4948;23;;;4944.0;263.3203125
-1;52600;PEARLS;9996;1;9995;23;;;9998;2;10004;1;10005;23;9997.0;392.0
-1;52700;PEARLS;9995;29;;;;;9998;1;10005;29;;;9996.5;396.0
-1;52700;BANANAS;4941;29;;;;;4948;29;;;;;4944.5;263.54296875
-1;52800;PEARLS;9995;24;;;;;9998;1;10005;24;;;9996.5;401.0
-1;52800;BANANAS;4941;24;;;;;4948;24;;;;;4944.5;266.1328125
-1;52900;PEARLS;9996;1;9995;30;;;10004;1;10005;30;;;10000.0;403.0
-1;52900;BANANAS;4941;31;;;;;4947;1;4948;30;;;4944.0;262.5234375
-1;53000;BANANAS;4941;28;;;;;4948;28;;;;;4944.5;269.2421875
-1;53000;PEARLS;9995;28;;;;;10005;28;;;;;10000.0;403.0
-1;53100;PEARLS;9996;1;9995;30;;;10004;1;10005;30;;;10000.0;403.0
-1;53100;BANANAS;4943;31;;;;;4949;1;4950;30;;;4946.0;284.734375
-1;53200;PEARLS;9996;1;9995;30;;;9998;1;10004;1;10005;30;9997.0;403.0
-1;53200;BANANAS;4943;31;;;;;4950;31;;;;;4946.5;285.65625
-1;53300;PEARLS;9996;1;9995;23;;;10004;1;10005;23;;;10000.0;405.0
-1;53300;BANANAS;4943;24;;;;;4950;24;;;;;4946.5;284.89453125
-1;53400;BANANAS;4942;23;;;;;4943;1;4949;23;;;4942.5;279.1015625
-1;53400;PEARLS;9995;23;;;;;10005;23;;;;;10000.0;405.0
-1;53500;PEARLS;9996;1;9995;25;;;10002;8;10004;1;10005;25;9999.0;405.0
-1;53500;BANANAS;4943;26;;;;;4948;8;4949;1;4950;25;4945.5;286.54296875
-1;53600;PEARLS;9998;2;9995;23;;;10005;23;;;;;10001.5;405.0
-1;53600;BANANAS;4943;1;4942;23;;;4949;23;;;;;4946.0;282.3359375
-1;53700;PEARLS;9996;2;9995;25;;;10002;10;10004;2;10005;25;9999.0;405.0
-1;53700;BANANAS;4943;27;;;;;4948;10;4949;2;4950;25;4945.5;286.53125
-1;53800;BANANAS;4944;2;4943;23;;;4948;6;4950;25;;;4946.0;293.5234375
-1;53800;PEARLS;9996;2;9995;23;;;9998;13;10002;6;10004;2;9997.0;405.0
-1;53900;PEARLS;9995;28;;;;;10005;28;;;;;10000.0;405.0
-1;53900;BANANAS;4949;1;4948;4;4944;28;4951;28;;;;;4950.0;298.3828125
-1;54000;PEARLS;9996;1;9995;21;;;10004;1;10005;21;;;10000.0;405.0
-1;54000;BANANAS;4945;1;4944;21;;;4951;22;;;;;4948.0;306.671875
-1;54100;PEARLS;9995;23;;;;;10005;23;;;;;10000.0;405.0
-1;54100;BANANAS;4944;23;;;;;4951;23;;;;;4947.5;301.75390625
-1;54200;BANANAS;4943;21;;;;;4950;21;;;;;4946.5;295.12890625
-1;54200;PEARLS;9996;1;9995;20;;;10004;1;10005;20;;;10000.0;405.0
-1;54300;BANANAS;4945;1;4944;25;;;4951;25;;;;;4948.0;300.78125
-1;54300;PEARLS;9998;1;9995;25;;;10005;25;;;;;10001.5;405.0
-1;54400;PEARLS;9996;2;9995;22;;;10004;2;10005;22;;;10000.0;405.0
-1;54400;BANANAS;4944;23;;;;;4951;24;;;;;4947.5;301.39453125
-1;54500;BANANAS;4944;29;;;;;4945;1;4949;9;4951;29;4944.5;302.8125
-1;54500;PEARLS;9995;29;;;;;10002;9;10005;29;;;9998.5;405.0
-1;54600;BANANAS;4945;4;4944;28;;;4950;2;4951;26;;;4947.5;301.71484375
-1;54600;PEARLS;9998;4;9996;2;9995;26;10004;2;10005;26;;;10001.0;405.0
-1;54700;PEARLS;9998;2;9995;21;;;10005;21;;;;;10001.5;405.0
-1;54700;BANANAS;4944;3;4943;21;;;4950;21;;;;;4947.0;297.9140625
-1;54800;PEARLS;9996;1;9995;23;;;10004;1;10005;23;;;10000.0;405.0
-1;54800;BANANAS;4943;24;;;;;4950;24;;;;;4946.5;293.47265625
-1;54900;PEARLS;9996;1;9995;28;;;10004;1;10005;28;;;10000.0;405.0
-1;54900;BANANAS;4943;1;4942;28;;;4949;29;;;;;4946.0;285.96484375
-1;55000;BANANAS;4943;27;;;;;4949;27;;;;;4946.0;289.26171875
-1;55000;PEARLS;9995;27;;;;;9998;5;10005;27;;;9996.5;405.0
-1;55100;PEARLS;10002;9;9996;2;9995;29;10004;2;10005;29;;;10003.0;415.0
-1;55100;BANANAS;4943;31;;;;;4950;31;;;;;4946.5;293.55078125
-1;55200;PEARLS;9995;25;;;;;10005;25;;;;;10000.0;433.0
-1;55200;BANANAS;4943;25;;;;;4950;25;;;;;4946.5;295.60546875
-1;55300;PEARLS;9996;1;9995;24;;;10002;7;10004;1;10005;24;9999.0;433.0
-1;55300;BANANAS;4944;1;4943;24;;;4948;7;4950;25;;;4946.0;299.3125
-1;55400;BANANAS;4944;1;4943;22;;;4950;23;;;;;4947.0;297.55078125
-1;55400;PEARLS;9996;1;9995;22;;;10004;1;10005;22;;;10000.0;433.0
-1;55500;PEARLS;9995;26;;;;;10005;26;;;;;10000.0;433.0
-1;55500;BANANAS;4947;2;4943;26;;;4949;26;;;;;4948.0;289.0703125
-1;55600;PEARLS;9998;7;9996;1;9995;27;10004;1;10005;27;;;10001.0;433.0
-1;55600;BANANAS;4943;7;4942;28;;;4949;28;;;;;4946.0;287.9765625
-1;55700;BANANAS;4943;21;;;;;4948;7;4950;21;;;4945.5;292.1328125
-1;55700;PEARLS;9995;21;;;;;10002;7;10005;21;;;9998.5;433.0
-1;55800;BANANAS;4943;23;;;;;4950;23;;;;;4946.5;295.59765625
-1;55800;PEARLS;9996;2;9995;21;;;10004;2;10005;21;;;10000.0;433.0
-1;55900;BANANAS;4943;24;;;;;4950;24;;;;;4946.5;293.7421875
-1;55900;PEARLS;9995;24;;;;;9998;11;10005;24;;;9996.5;433.0
-1;56000;PEARLS;9996;2;9995;20;;;10004;2;10005;20;;;10000.0;433.0
-1;56000;BANANAS;4943;22;;;;;4950;22;;;;;4946.5;293.76953125
-1;56100;BANANAS;4943;30;;;;;4950;30;;;;;4946.5;297.23046875
-1;56100;PEARLS;9996;1;9995;29;;;10004;1;10005;29;;;10000.0;433.0
-1;56200;BANANAS;4943;28;;;;;4950;28;;;;;4946.5;297.390625
-1;56200;PEARLS;9996;2;9995;26;;;10004;2;10005;26;;;10000.0;433.0
-1;56300;BANANAS;4943;23;;;;;4948;8;4950;23;;;4945.5;294.2890625
-1;56300;PEARLS;9995;23;;;;;10002;8;10005;23;;;9998.5;433.0
-1;56400;PEARLS;9998;6;9995;23;;;10005;23;;;;;10001.5;433.0
-1;56400;BANANAS;4944;6;4943;23;;;4950;23;;;;;4947.0;291.8671875
-1;56500;BANANAS;4943;25;;;;;4950;25;;;;;4946.5;292.9296875
-1;56500;PEARLS;9995;25;;;;;10005;25;;;;;10000.0;433.0
-1;56600;BANANAS;4943;27;;;;;4949;27;;;;;4946.0;290.7421875
-1;56600;PEARLS;9996;1;9995;26;;;10004;1;10005;26;;;10000.0;433.0
-1;56700;BANANAS;4943;24;;;;;4950;25;;;;;4946.5;292.9296875
-1;56700;PEARLS;9995;25;;;;;10005;25;;;;;10000.0;433.0
-1;56800;PEARLS;9995;24;;;;;10005;24;;;;;10000.0;433.0
-1;56800;BANANAS;4943;23;;;;;4950;24;;;;;4946.5;291.85546875
-1;56900;BANANAS;4944;5;4943;20;;;4950;20;;;;;4947.0;293.171875
-1;56900;PEARLS;9998;5;9995;20;;;10005;20;;;;;10001.5;433.0
-1;57000;BANANAS;4943;25;;;;;4949;25;;;;;4946.0;291.14453125
-1;57000;PEARLS;9995;25;;;;;10005;25;;;;;10000.0;433.0
-1;57100;BANANAS;4943;27;;;;;4949;2;4950;25;;;4946.0;291.73828125
-1;57100;PEARLS;9996;2;9995;25;;;10004;2;10005;25;;;10000.0;433.0
-1;57200;PEARLS;9995;26;;;;;10005;26;;;;;10000.0;433.0
-1;57200;BANANAS;4943;26;;;;;4946;2;4950;26;;;4944.5;293.36328125
-1;57300;BANANAS;4943;25;;;;;4950;25;;;;;4946.5;296.52734375
-1;57300;PEARLS;10002;1;9995;25;;;10005;25;;;;;10003.5;433.0
-1;57400;BANANAS;4944;1;4943;26;;;4948;2;4950;28;;;4946.0;299.87890625
-1;57400;PEARLS;9996;2;9995;26;;;10002;2;10004;2;10005;26;9999.0;435.0
-1;57500;BANANAS;4944;31;;;;;4949;1;4951;31;;;4946.5;309.51953125
-1;57500;PEARLS;9996;1;9995;30;;;10002;1;10004;1;10005;30;9999.0;435.0
-1;57600;PEARLS;9995;29;;;;;9998;1;10005;29;;;9996.5;435.0
-1;57600;BANANAS;4944;29;;;;;4951;29;;;;;4947.5;311.70703125
-1;57700;BANANAS;4945;2;4944;28;;;4949;2;4951;30;;;4947.0;310.9609375
-1;57700;PEARLS;9996;2;9995;28;;;10002;2;10004;2;10005;28;9999.0;437.0
-1;57800;BANANAS;4945;2;4944;26;;;4951;28;;;;;4948.0;312.11328125
-1;57800;PEARLS;9996;2;9995;26;;;10004;2;10005;26;;;10000.0;437.0
-1;57900;BANANAS;4944;32;;;;;4950;2;4951;30;;;4947.0;304.6328125
-1;57900;PEARLS;10002;1;9996;2;9995;30;10004;2;10005;30;;;10003.0;437.0
-1;58000;PEARLS;9998;7;9995;23;;;10005;23;;;;;10001.5;439.0
-1;58000;BANANAS;4945;6;4944;23;;;4951;23;;;;;4948.0;303.0078125
-1;58100;BANANAS;4943;23;;;;;4950;24;;;;;4946.5;299.98046875
-1;58100;PEARLS;9996;1;9995;23;;;10004;1;10005;23;;;10000.0;439.0
-1;58200;BANANAS;4944;26;;;;;4950;2;4951;24;;;4947.0;304.40625
-1;58200;PEARLS;9996;2;9995;24;;;10004;2;10005;24;;;10000.0;439.0
-1;58300;BANANAS;4944;23;;;;;4951;23;;;;;4947.5;305.26953125
-1;58300;PEARLS;9996;2;9995;21;;;9998;1;10004;2;10005;21;9997.0;439.0
-1;58400;PEARLS;9995;21;;;;;10000;4;10005;21;;;9997.5;441.0
-1;58400;BANANAS;4944;21;;;;;4951;21;;;;;4947.5;311.3359375
-1;58500;BANANAS;4945;30;;;;;4951;30;;;;;4948.0;312.859375
-1;58500;PEARLS;9996;1;9995;29;;;9998;1;10004;1;10005;29;9997.0;441.0
-1;58600;BANANAS;4945;4;4944;27;;;4951;29;;;;;4948.0;310.22265625
-1;58600;PEARLS;9998;2;9996;2;9995;27;10004;2;10005;27;;;10001.0;443.0
-1;58700;BANANAS;4945;1;4944;24;;;4951;25;;;;;4948.0;311.15234375
-1;58700;PEARLS;9996;1;9995;24;;;10004;1;10005;24;;;10000.0;443.0
-1;58800;BANANAS;4945;5;4944;24;;;4951;24;;;;;4948.0;307.80078125
-1;58800;PEARLS;9998;4;9996;2;9995;22;10004;2;10005;22;;;10001.0;443.0
-1;58900;PEARLS;9995;22;;;;;9998;1;10005;22;;;9996.5;443.0
-1;58900;BANANAS;4944;22;;;;;4951;22;;;;;4947.5;309.4921875
-1;59000;PEARLS;9995;26;;;;;10005;26;;;;;10000.0;445.0
-1;59000;BANANAS;4945;9;4944;26;;;4951;26;;;;;4948.0;311.84375
-1;59100;BANANAS;4944;30;;;;;4945;12;4951;30;;;4944.5;311.0
-1;59100;PEARLS;9995;30;;;;;9998;2;10005;30;;;9996.5;445.0
-1;59200;PEARLS;10000;3;9996;2;9995;29;10004;2;10005;29;;;10002.0;449.0
-1;59200;BANANAS;4949;1;4944;31;;;4951;31;;;;;4950.0;308.57421875
-1;59300;PEARLS;9996;2;9995;28;;;9998;13;10004;2;10005;28;9997.0;449.0
-1;59300;BANANAS;4944;30;;;;;4950;2;4951;28;;;4947.0;305.95703125
-1;59400;PEARLS;9995;28;;;;;10005;28;;;;;10000.0;449.0
-1;59400;BANANAS;4944;28;;;;;4949;3;4951;28;;;4946.5;308.12109375
-1;59500;BANANAS;4945;1;4944;29;;;4950;29;;;;;4947.5;303.84375
-1;59500;PEARLS;9998;1;9996;2;9995;27;10004;2;10005;27;;;10001.0;449.0
-1;59600;PEARLS;9995;25;;;;;10005;25;;;;;10000.0;449.0
-1;59600;BANANAS;4944;25;;;;;4951;25;;;;;4947.5;308.4375
-1;59700;PEARLS;9998;8;9996;2;9995;26;10004;2;10005;26;;;10001.0;449.0
-1;59700;BANANAS;4945;10;4944;26;;;4951;28;;;;;4948.0;312.9609375
-1;59800;PEARLS;9995;20;;;;;10005;20;;;;;10000.0;449.0
-1;59800;BANANAS;4944;20;;;;;4951;20;;;;;4947.5;313.4375
-1;59900;BANANAS;4946;1;4945;24;;;4951;2;4952;22;;;4948.5;315.73828125
-1;59900;PEARLS;10002;1;9998;1;9996;2;10004;2;10005;22;;;10003.0;449.0
-1;60000;PEARLS;9998;4;9996;2;9995;29;10004;2;10005;29;;;10001.0;454.0
-1;60000;BANANAS;4946;4;4945;31;;;4952;31;;;;;4949.0;320.875
-1;60100;PEARLS;9995;25;;;;;9998;1;10005;25;;;9996.5;454.0
-1;60100;BANANAS;4945;25;;;;;4952;25;;;;;4948.5;323.03125
-1;60200;PEARLS;10000;3;9996;1;9995;21;10004;1;10005;21;;;10002.0;456.0
-1;60200;BANANAS;4946;1;4945;21;;;4952;22;;;;;4949.0;322.8203125
-1;60300;PEARLS;9996;2;9995;22;;;10004;2;10005;22;;;10000.0;456.0
-1;60300;BANANAS;4945;24;;;;;4952;24;;;;;4948.5;320.9453125
-1;60400;BANANAS;4946;1;4945;24;;;4952;25;;;;;4949.0;321.234375
-1;60400;PEARLS;10000;4;9996;1;9995;24;10004;1;10005;24;;;10002.0;456.0
-1;60500;PEARLS;9996;2;9995;20;;;10004;2;10005;20;;;10000.0;456.0
-1;60500;BANANAS;4946;2;4945;20;;;4952;22;;;;;4949.0;322.1953125
-1;60600;PEARLS;9995;27;;;;;10002;3;10005;27;;;9998.5;456.0
-1;60600;BANANAS;4945;27;;;;;4950;3;4952;27;;;4947.5;322.45703125
-1;60700;PEARLS;9996;2;9995;29;;;10002;8;10004;2;10005;29;9999.0;456.0
-1;60700;BANANAS;4946;31;;;;;4951;8;4952;2;4953;29;4948.5;324.7109375
-1;60800;BANANAS;4945;25;;;;;4952;25;;;;;4948.5;317.5
-1;60800;PEARLS;9996;1;9995;24;;;10004;1;10005;24;;;10000.0;456.0
-1;60900;PEARLS;9996;2;9995;23;;;10004;2;10005;23;;;10000.0;456.0
-1;60900;BANANAS;4945;2;4944;23;;;4951;25;;;;;4948.0;312.90234375
-1;61000;PEARLS;9996;1;9995;30;;;10004;1;10005;30;;;10000.0;456.0
-1;61000;BANANAS;4944;31;;;;;4951;31;;;;;4947.5;308.375
-1;61100;PEARLS;9996;2;9995;30;;;10004;2;10005;30;;;10000.0;456.0
-1;61100;BANANAS;4944;32;;;;;4945;2;4947;3;4951;32;4944.5;308.8203125
-1;61200;BANANAS;4944;30;;;;;4951;30;;;;;4947.5;310.4453125
-1;61200;PEARLS;9995;30;;;;;10005;30;;;;;10000.0;456.0
-1;61300;PEARLS;9996;1;9995;30;;;10004;1;10005;30;;;10000.0;456.0
-1;61300;BANANAS;4944;31;;;;;4950;31;;;;;4947.0;307.87109375
-1;61400;PEARLS;10002;2;9996;2;9995;26;10004;2;10005;26;;;10003.0;456.0
-1;61400;BANANAS;4944;28;;;;;4951;28;;;;;4947.5;314.328125
-1;61500;PEARLS;10002;6;9995;29;;;10005;29;;;;;10003.5;460.0
-1;61500;BANANAS;4945;29;;;;;4952;29;;;;;4948.5;324.06640625
-1;61600;BANANAS;4945;26;;;;;4952;26;;;;;4948.5;324.4921875
-1;61600;PEARLS;9996;1;9995;25;;;10004;1;10005;25;;;10000.0;472.0
-1;61700;PEARLS;9996;1;9995;22;;;10004;1;10005;22;;;10000.0;472.0
-1;61700;BANANAS;4950;1;4945;23;;;4951;1;4952;22;;;4950.5;321.03125
-1;61800;PEARLS;9995;29;;;;;10005;29;;;;;10000.0;472.0
-1;61800;BANANAS;4944;29;;;;;4951;29;;;;;4947.5;319.05078125
-1;61900;PEARLS;9996;2;9995;23;;;9998;1;10004;2;10005;23;9997.0;472.0
-1;61900;BANANAS;4945;2;4944;23;;;4951;25;;;;;4948.0;319.55078125
-1;62000;BANANAS;4944;23;;;;;4950;1;4951;22;;;4947.0;311.90625
-1;62000;PEARLS;9996;1;9995;22;;;10004;1;10005;22;;;10000.0;474.0
-1;62100;PEARLS;9996;1;9995;24;;;10004;1;10005;24;;;10000.0;474.0
-1;62100;BANANAS;4944;25;;;;;4950;1;4951;24;;;4947.0;313.41796875
-1;62200;PEARLS;9998;9;9995;26;;;10005;26;;;;;10001.5;474.0
-1;62200;BANANAS;4944;8;4943;26;;;4950;26;;;;;4947.0;308.890625
-1;62300;PEARLS;9996;1;9995;21;;;10004;1;10005;21;;;10000.0;474.0
-1;62300;BANANAS;4944;22;;;;;4951;22;;;;;4947.5;315.7578125
-1;62400;BANANAS;4944;26;;;;;4951;26;;;;;4947.5;313.03125
-1;62400;PEARLS;9995;26;;;;;10005;26;;;;;10000.0;474.0
-1;62500;PEARLS;9996;2;9995;27;;;10004;2;10005;27;;;10000.0;474.0
-1;62500;BANANAS;4944;29;;;;;4950;2;4951;27;;;4947.0;312.1171875
-1;62600;PEARLS;9996;2;9995;29;;;10004;2;10005;29;;;10000.0;474.0
-1;62600;BANANAS;4943;31;;;;;4950;31;;;;;4946.5;307.72265625
-1;62700;PEARLS;9995;25;;;;;10002;4;10005;25;;;9998.5;474.0
-1;62700;BANANAS;4944;25;;;;;4949;4;4951;25;;;4946.5;311.66015625
-1;62800;BANANAS;4943;28;;;;;4950;28;;;;;4946.5;305.57421875
-1;62800;PEARLS;9996;1;9995;27;;;10004;1;10005;27;;;10000.0;474.0
-1;62900;PEARLS;9996;1;9995;21;;;10004;1;10005;21;;;10000.0;474.0
-1;62900;BANANAS;4943;22;;;;;4950;22;;;;;4946.5;305.7265625
-1;63000;PEARLS;9996;2;9995;25;;;10004;2;10005;25;;;10000.0;474.0
-1;63000;BANANAS;4943;27;;;;;4950;27;;;;;4946.5;304.06640625
-1;63100;BANANAS;4943;20;;;;;4948;1;4950;20;;;4945.5;303.828125
-1;63100;PEARLS;9995;20;;;;;10002;1;10005;20;;;9998.5;474.0
-1;63200;BANANAS;4943;24;;;;;4950;24;;;;;4946.5;303.42578125
-1;63200;PEARLS;9995;24;;;;;10005;24;;;;;10000.0;474.0
-1;63300;BANANAS;4943;28;;;;;4950;28;;;;;4946.5;303.1171875
-1;63300;PEARLS;9996;2;9995;26;;;10004;2;10005;26;;;10000.0;474.0
-1;63400;PEARLS;9996;1;9995;30;;;10002;9;10004;1;10005;30;9999.0;474.0
-1;63400;BANANAS;4943;31;;;;;4948;9;4950;31;;;4945.5;304.81640625
-1;63500;PEARLS;9996;2;9995;30;;;9998;1;10002;3;10004;2;9997.0;474.0
-1;63500;BANANAS;4943;32;;;;;4948;3;4950;32;;;4945.5;305.2890625
-1;63600;BANANAS;4943;31;;;;;4948;6;4950;31;;;4945.5;305.5
-1;63600;PEARLS;9996;1;9995;30;;;10002;6;10004;1;10005;30;9999.0;476.0
-1;63700;PEARLS;9998;8;9996;2;9995;22;10004;2;10005;22;;;10001.0;476.0
-1;63700;BANANAS;4944;8;4943;24;;;4949;2;4950;22;;;4946.5;302.734375
-1;63800;PEARLS;9996;2;9995;26;;;10004;2;10005;26;;;10000.0;476.0
-1;63800;BANANAS;4943;1;4942;26;;;4949;28;;;;;4946.0;298.20703125
-1;63900;PEARLS;9995;25;;;;;10002;3;10005;25;;;9998.5;476.0
-1;63900;BANANAS;4942;24;;;;;4947;3;4949;25;;;4944.5;294.1328125
-1;64000;BANANAS;4942;31;;;;;4948;1;4949;30;;;4945.0;290.55078125
-1;64000;PEARLS;9996;1;9995;30;;;10004;1;10005;30;;;10000.0;476.0
-1;64100;PEARLS;9995;29;;;;;10005;29;;;;;10000.0;476.0
-1;64100;BANANAS;4941;29;;;;;4948;29;;;;;4944.5;282.359375
-1;64200;PEARLS;9996;1;9995;23;;;10002;1;10004;1;10005;23;9999.0;476.0
-1;64200;BANANAS;4941;24;;;;;4946;1;4948;24;;;4943.5;281.15625
-1;64300;PEARLS;9995;29;;;;;10005;29;;;;;10000.0;476.0
-1;64300;BANANAS;4941;29;;;;;4948;29;;;;;4944.5;277.125
-1;64400;BANANAS;4940;25;;;;;4947;26;;;;;4943.5;275.546875
-1;64400;PEARLS;9996;1;9995;25;;;10004;1;10005;25;;;10000.0;476.0
-1;64500;PEARLS;9998;1;9996;1;9995;30;10004;1;10005;30;;;10001.0;476.0
-1;64500;BANANAS;4942;1;4941;31;;;4947;1;4948;30;;;4944.5;277.3203125
-1;64600;PEARLS;9996;1;9995;23;;;10004;1;10005;23;;;10000.0;476.0
-1;64600;BANANAS;4941;23;;;;;4948;24;;;;;4944.5;280.6953125
-1;64700;BANANAS;4941;30;;;;;4946;1;4947;2;4948;28;4943.5;277.65625
-1;64700;PEARLS;9996;2;9995;28;;;10002;1;10004;2;10005;28;9999.0;476.0
-1;64800;BANANAS;4941;2;4940;26;;;4945;4;4947;28;;;4943.0;274.88671875
-1;64800;PEARLS;9996;2;9995;26;;;10002;4;10004;2;10005;26;9999.0;476.0
-1;64900;BANANAS;4940;30;;;;;4941;1;4947;30;;;4940.5;266.3828125
-1;64900;PEARLS;9995;30;;;;;10005;30;;;;;10000.0;476.0
-1;65000;PEARLS;9995;22;;;;;10002;3;10005;22;;;9998.5;476.0
-1;65000;BANANAS;4941;22;;;;;4946;3;4948;22;;;4943.5;276.59375
-1;65100;BANANAS;4942;9;4941;31;;;4947;31;;;;;4944.5;274.7265625
-1;65100;PEARLS;9998;9;9996;2;9995;29;10004;2;10005;29;;;10001.0;476.0
-1;65200;BANANAS;4940;25;;;;;4947;25;;;;;4943.5;266.4375
-1;65200;PEARLS;10002;5;9995;25;;;10005;25;;;;;10003.5;476.0
-1;65300;BANANAS;4945;1;4941;3;4940;31;4946;2;4947;29;;;4945.5;261.765625
-1;65300;PEARLS;10002;1;9998;3;9996;2;10004;2;10005;29;;;10003.0;486.0
-1;65400;PEARLS;9996;1;9995;24;;;9998;1;10004;1;10005;24;9997.0;488.0
-1;65400;BANANAS;4940;25;;;;;4947;25;;;;;4943.5;270.390625
-1;65500;BANANAS;4941;2;4940;25;;;4945;6;4947;27;;;4943.0;273.40625
-1;65500;PEARLS;9996;2;9995;25;;;10002;6;10004;2;10005;25;9999.0;490.0
-1;65600;BANANAS;4941;8;4940;28;;;4947;28;;;;;4944.0;273.703125
-1;65600;PEARLS;9998;8;9995;28;;;10005;28;;;;;10001.5;490.0
-1;65700;BANANAS;4940;21;;;;;4947;21;;;;;4943.5;275.109375
-1;65700;PEARLS;9995;21;;;;;10005;21;;;;;10000.0;490.0
-1;65800;PEARLS;9995;29;;;;;10005;29;;;;;10000.0;490.0
-1;65800;BANANAS;4940;29;;;;;4947;29;;;;;4943.5;266.7578125
-1;65900;BANANAS;4940;27;;;;;4946;1;4947;26;;;4943.0;262.4296875
-1;65900;PEARLS;9996;1;9995;26;;;10004;1;10005;26;;;10000.0;490.0
-1;66000;BANANAS;4941;1;4940;20;;;4947;21;;;;;4944.0;272.3125
-1;66000;PEARLS;9996;1;9995;20;;;9998;2;10004;1;10005;20;9997.0;490.0
-1;66100;BANANAS;4940;22;;;;;4947;22;;;;;4943.5;267.1328125
-1;66100;PEARLS;9995;22;;;;;10005;22;;;;;10000.0;500.0
-1;66200;PEARLS;9995;28;;;;;10005;28;;;;;10000.0;500.0
-1;66200;BANANAS;4940;28;;;;;4947;28;;;;;4943.5;266.640625
-1;66300;BANANAS;4940;25;;;;;4947;25;;;;;4943.5;271.53125
-1;66300;PEARLS;9995;25;;;;;9998;1;10005;25;;;9996.5;500.0
-1;66400;BANANAS;4940;29;;;;;4945;6;4947;29;;;4942.5;265.9609375
-1;66400;PEARLS;9996;1;9995;28;;;10002;6;10004;1;10005;28;9999.0;502.0
-1;66500;BANANAS;4940;24;;;;;4941;1;4947;24;;;4940.5;268.4921875
-1;66500;PEARLS;9996;2;9995;22;;;10004;2;10005;22;;;10000.0;502.0
-1;66600;PEARLS;9995;25;;;;;10002;8;10005;25;;;9998.5;502.0
-1;66600;BANANAS;4942;1;4939;25;;;4944;8;4946;25;;;4943.0;256.1484375
-1;66700;BANANAS;4942;6;4940;1;4939;30;4946;30;;;;;4944.0;252.9140625
-1;66700;PEARLS;9998;1;9995;30;;;10005;30;;;;;10001.5;502.0
-1;66800;BANANAS;4939;24;;;;;4945;2;4946;22;;;4942.0;246.0078125
-1;66800;PEARLS;9996;2;9995;22;;;9998;1;10004;2;10005;22;9997.0;502.0
-1;66900;BANANAS;4938;29;;;;;4945;29;;;;;4941.5;238.5
-1;66900;PEARLS;9996;1;9995;28;;;10004;1;10005;28;;;10000.0;504.0
-1;67000;PEARLS;10002;4;9996;2;9995;30;10004;2;10005;30;;;10003.0;504.0
-1;67000;BANANAS;4938;32;;;;;4939;5;4944;2;4945;30;4938.5;232.3671875
-1;67100;BANANAS;4938;21;;;;;4943;4;4944;1;4945;21;4940.5;228.6875
-1;67100;PEARLS;9996;1;9995;21;;;10002;4;10004;1;10005;21;9999.0;512.0
-1;67200;BANANAS;4937;30;;;;;4943;30;;;;;4940.0;211.4296875
-1;67200;PEARLS;9996;2;9995;28;;;10004;2;10005;28;;;10000.0;512.0
-1;67300;BANANAS;4937;26;;;;;4942;3;4944;26;;;4939.5;216.15625
-1;67300;PEARLS;9996;1;9995;25;;;10002;3;10004;1;10005;25;9999.0;512.0
-1;67400;PEARLS;9996;1;9995;29;;;9998;5;10004;1;10005;29;9997.0;512.0
-1;67400;BANANAS;4937;1;4936;29;;;4943;30;;;;;4940.0;203.234375
-1;67500;PEARLS;9996;1;9995;28;;;10004;1;10005;28;;;10000.0;522.0
-1;67500;BANANAS;4937;29;;;;;4944;29;;;;;4940.5;215.25
-1;67600;BANANAS;4937;31;;;;;4944;31;;;;;4940.5;217.078125
-1;67600;PEARLS;9996;1;9995;30;;;10004;1;10005;30;;;10000.0;522.0
-1;67700;BANANAS;4938;2;4937;21;;;4944;21;;;;;4941.0;218.6640625
-1;67700;PEARLS;10002;1;9998;2;9995;21;10005;21;;;;;10003.5;522.0
-1;67800;BANANAS;4938;23;;;;;4944;2;4945;21;;;4941.0;227.78125
-1;67800;PEARLS;9996;2;9995;21;;;9998;1;10004;2;10005;21;9997.0;524.0
-1;67900;PEARLS;9996;2;9995;20;;;10002;4;10004;2;10005;20;9999.0;526.0
-1;67900;BANANAS;4938;22;;;;;4942;4;4944;22;;;4940.0;224.921875
-1;68000;PEARLS;9995;30;;;;;10005;30;;;;;10000.0;526.0
-1;68000;BANANAS;4938;30;;;;;4945;30;;;;;4941.5;231.59375
-1;68100;BANANAS;4937;26;;;;;4944;26;;;;;4940.5;221.046875
-1;68100;PEARLS;9995;26;;;;;10005;26;;;;;10000.0;526.0
-1;68200;PEARLS;9996;2;9995;24;;;10004;2;10005;24;;;10000.0;526.0
-1;68200;BANANAS;4938;26;;;;;4941;5;4944;2;4945;24;4939.5;226.65625
-1;68300;PEARLS;9996;1;9995;26;;;10004;1;10005;26;;;10000.0;526.0
-1;68300;BANANAS;4937;27;;;;;4944;27;;;;;4940.5;218.9453125
-1;68400;PEARLS;9998;6;9995;28;;;10005;28;;;;;10001.5;526.0
-1;68400;BANANAS;4938;6;4937;28;;;4944;28;;;;;4941.0;221.890625
-1;68500;BANANAS;4939;2;4938;24;;;4944;1;4945;23;;;4941.5;228.5859375
-1;68500;PEARLS;9998;2;9996;1;9995;23;10004;1;10005;23;;;10001.0;526.0
-1;68600;PEARLS;9996;1;9995;30;;;10002;10;10004;1;10005;30;9999.0;526.0
-1;68600;BANANAS;4938;31;;;;;4943;10;4945;31;;;4940.5;232.2578125
-1;68700;PEARLS;10002;1;9998;7;9996;2;10004;2;10005;27;;;10003.0;526.0
-1;68700;BANANAS;4939;7;4938;29;;;4944;2;4945;27;;;4941.5;226.828125
-1;68800;PEARLS;9995;23;;;;;10005;23;;;;;10000.0;528.0
-1;68800;BANANAS;4938;23;;;;;4945;23;;;;;4941.5;233.09375
-1;68900;BANANAS;4941;6;4938;21;;;4944;21;;;;;4942.5;225.5
-1;68900;PEARLS;9995;21;;;;;10005;21;;;;;10000.0;528.0
-1;69000;BANANAS;4939;3;4938;21;;;4944;1;4945;20;;;4941.5;228.328125
-1;69000;PEARLS;9998;3;9996;1;9995;20;10004;1;10005;20;;;10001.0;528.0
-1;69100;PEARLS;9995;21;;;;;10005;21;;;;;10000.0;528.0
-1;69100;BANANAS;4938;21;;;;;4945;21;;;;;4941.5;227.7734375
-1;69200;PEARLS;9996;1;9995;26;;;10002;6;10004;1;10005;26;9999.0;528.0
-1;69200;BANANAS;4938;27;;;;;4943;6;4945;27;;;4940.5;234.1875
-1;69300;PEARLS;9996;2;9995;22;;;10004;2;10005;22;;;10000.0;528.0
-1;69300;BANANAS;4939;2;4938;22;;;4945;24;;;;;4942.0;242.421875
-1;69400;BANANAS;4939;1;4938;27;;;4945;28;;;;;4942.0;241.8671875
-1;69400;PEARLS;10002;4;9996;1;9995;27;10004;1;10005;27;;;10003.0;528.0
-1;69500;PEARLS;10002;2;9998;3;9995;27;10005;27;;;;;10003.5;536.0
-1;69500;BANANAS;4939;3;4938;27;;;4945;27;;;;;4942.0;234.8359375
-1;69600;PEARLS;9996;1;9995;24;;;10002;4;10004;1;10005;24;9999.0;540.0
-1;69600;BANANAS;4938;25;;;;;4943;4;4944;1;4945;24;4940.5;228.09375
-1;69700;PEARLS;9996;2;9995;27;;;10004;2;10005;27;;;10000.0;540.0
-1;69700;BANANAS;4938;2;4937;27;;;4944;29;;;;;4941.0;224.1015625
-1;69800;BANANAS;4938;1;4937;26;;;4944;28;;;;;4941.0;220.65625
-1;69800;PEARLS;9996;2;9995;26;;;10004;2;10005;26;;;10000.0;540.0
-1;69900;PEARLS;9995;26;;;;;10005;26;;;;;10000.0;540.0
-1;69900;BANANAS;4937;26;;;;;4944;26;;;;;4940.5;218.1171875
-1;70000;PEARLS;9998;10;9996;1;9995;28;10004;1;10005;28;;;10001.0;540.0
-1;70000;BANANAS;4938;10;4937;29;;;4944;29;;;;;4941.0;216.375
-1;70100;PEARLS;9995;27;;;;;10002;6;10005;27;;;9998.5;540.0
-1;70100;BANANAS;4937;27;;;;;4942;6;4944;27;;;4939.5;210.234375
-1;70200;BANANAS;4937;1;4936;25;;;4943;26;;;;;4940.0;202.1796875
-1;70200;PEARLS;9996;1;9995;25;;;10000;3;10004;1;10005;25;9998.0;540.0
-1;70300;PEARLS;9995;25;;;;;10005;25;;;;;10000.0;540.0
-1;70300;BANANAS;4936;25;;;;;4942;25;;;;;4939.0;185.5078125
-1;70400;PEARLS;9996;2;9995;29;;;10002;4;10004;2;10005;29;9999.0;540.0
-1;70400;BANANAS;4936;2;4935;29;;;4940;9;4942;31;;;4938.0;180.78125
-1;70500;PEARLS;9995;24;;;;;10005;24;;;;;10000.0;540.0
-1;70500;BANANAS;4936;24;;;;;4943;24;;;;;4939.5;191.2421875
-1;70600;BANANAS;4941;1;4936;2;4935;27;4942;29;;;;;4941.5;180.671875
-1;70600;PEARLS;9996;2;9995;27;;;10004;2;10005;27;;;10000.0;540.0
-1;70700;PEARLS;9995;24;;;;;10002;2;10005;24;;;9998.5;540.0
-1;70700;BANANAS;4935;24;;;;;4940;2;4942;24;;;4937.5;180.90625
-1;70800;PEARLS;9996;2;9995;30;;;9998;1;10004;2;10005;30;9997.0;540.0
-1;70800;BANANAS;4935;31;;;;;4942;32;;;;;4938.5;174.9140625
-1;70900;PEARLS;9995;29;;;;;10005;29;;;;;10000.0;542.0
-1;70900;BANANAS;4934;29;;;;;4941;29;;;;;4937.5;163.171875
-1;71000;BANANAS;4940;1;4935;2;4934;29;4941;31;;;;;4940.5;162.703125
-1;71000;PEARLS;9996;2;9995;29;;;10004;2;10005;29;;;10000.0;542.0
-1;71100;PEARLS;9996;2;9995;20;;;10004;2;10005;20;;;10000.0;542.0
-1;71100;BANANAS;4934;22;;;;;4935;7;4941;22;;;4934.5;160.6796875
-1;71200;PEARLS;9996;2;9995;24;;;10004;2;10005;24;;;10000.0;542.0
-1;71200;BANANAS;4935;2;4934;24;;;4941;26;;;;;4938.0;163.625
-1;71300;PEARLS;9995;20;;;;;10005;20;;;;;10000.0;542.0
-1;71300;BANANAS;4935;20;;;;;4942;20;;;;;4938.5;175.5546875
-1;71400;BANANAS;4934;30;;;;;4941;30;;;;;4937.5;165.4375
-1;71400;PEARLS;9998;1;9995;30;;;10005;30;;;;;10001.5;542.0
-1;71500;PEARLS;9996;1;9995;30;;;10004;1;10005;30;;;10000.0;542.0
-1;71500;BANANAS;4936;31;;;;;4942;1;4943;30;;;4939.0;190.40625
-1;71600;PEARLS;9995;22;;;;;10005;22;;;;;10000.0;542.0
-1;71600;BANANAS;4936;22;;;;;4943;22;;;;;4939.5;195.0
-1;71700;PEARLS;9995;28;;;;;10005;28;;;;;10000.0;542.0
-1;71700;BANANAS;4936;28;;;;;4943;28;;;;;4939.5;197.765625
-1;71800;BANANAS;4937;2;4936;20;;;4943;22;;;;;4940.0;203.3125
-1;71800;PEARLS;9996;2;9995;20;;;10004;2;10005;20;;;10000.0;542.0
-1;71900;PEARLS;9996;2;9995;20;;;10004;2;10005;20;;;10000.0;542.0
-1;71900;BANANAS;4937;2;4936;20;;;4939;5;4943;22;;;4938.0;204.7578125
-1;72000;PEARLS;9995;29;;;;;10002;8;10005;29;;;9998.5;542.0
-1;72000;BANANAS;4937;29;;;;;4942;8;4944;29;;;4939.5;213.6328125
-1;72100;BANANAS;4937;28;;;;;4938;3;4942;1;4943;28;4937.5;206.5625
-1;72100;PEARLS;9996;2;9995;26;;;10002;1;10004;2;10005;26;9999.0;542.0
-1;72200;BANANAS;4936;21;;;;;4943;21;;;;;4939.5;195.109375
-1;72200;PEARLS;9996;1;9995;20;;;10004;1;10005;20;;;10000.0;542.0
-1;72300;BANANAS;4936;30;;;;;4942;30;;;;;4939.0;186.3203125
-1;72300;PEARLS;9996;1;9995;29;;;10004;1;10005;29;;;10000.0;542.0
-1;72400;PEARLS;9995;24;;;;;10005;24;;;;;10000.0;542.0
-1;72400;BANANAS;4935;24;;;;;4942;24;;;;;4938.5;185.625
-1;72500;PEARLS;9996;2;9995;28;;;10004;2;10005;28;;;10000.0;542.0
-1;72500;BANANAS;4936;30;;;;;4942;30;;;;;4939.0;186.40625
-1;72600;BANANAS;4938;4;4936;2;4935;22;4942;24;;;;;4940.0;182.4453125
-1;72600;PEARLS;9996;2;9995;22;;;10004;2;10005;22;;;10000.0;542.0
-1;72700;PEARLS;9995;29;;;;;10005;29;;;;;10000.0;542.0
-1;72700;BANANAS;4936;29;;;;;4943;29;;;;;4939.5;192.2578125
-1;72800;PEARLS;9995;30;;;;;10005;30;;;;;10000.0;542.0
-1;72800;BANANAS;4936;30;;;;;4943;30;;;;;4939.5;197.921875
-1;72900;PEARLS;9996;1;9995;23;;;10004;1;10005;23;;;10000.0;542.0
-1;72900;BANANAS;4937;1;4936;23;;;4943;24;;;;;4940.0;202.703125
-1;73000;BANANAS;4937;26;;;;;4943;2;4944;24;;;4940.0;207.53125
-1;73000;PEARLS;9996;2;9995;24;;;10004;2;10005;24;;;10000.0;542.0
-1;73100;PEARLS;9996;2;9995;24;;;10002;5;10004;2;10005;24;9999.0;542.0
-1;73100;BANANAS;4937;26;;;;;4942;5;4943;2;4944;24;4939.5;210.09375
-1;73200;PEARLS;9996;1;9995;30;;;10004;1;10005;30;;;10000.0;542.0
-1;73200;BANANAS;4938;1;4937;30;;;4944;31;;;;;4941.0;223.8515625
-1;73300;PEARLS;9996;2;9995;22;;;10004;2;10005;22;;;10000.0;542.0
-1;73300;BANANAS;4941;2;4937;24;;;4944;24;;;;;4942.5;215.640625
-1;73400;BANANAS;4938;30;;;;;4943;6;4944;1;4945;29;4940.5;226.109375
-1;73400;PEARLS;9996;1;9995;29;;;9998;1;10002;6;10004;1;9997.0;542.0
-1;73500;BANANAS;4938;21;;;;;4945;21;;;;;4941.5;233.203125
-1;73500;PEARLS;9995;21;;;;;9998;1;10005;21;;;9996.5;544.0
-1;73600;PEARLS;10002;1;9995;21;;;10005;21;;;;;10003.5;546.0
-1;73600;BANANAS;4937;21;;;;;4944;21;;;;;4940.5;220.953125
-1;73700;BANANAS;4943;1;4937;20;;;4944;20;;;;;4943.5;218.8984375
-1;73700;PEARLS;9995;20;;;;;9998;10;10005;20;;;9996.5;548.0
-1;73800;BANANAS;4938;6;4937;27;;;4944;27;;;;;4941.0;221.4453125
-1;73800;PEARLS;10002;1;9998;6;9995;27;10005;27;;;;;10003.5;568.0
-1;73900;BANANAS;4939;3;4938;24;;;4944;2;4945;22;;;4941.5;229.5390625
-1;73900;PEARLS;9998;3;9996;2;9995;22;10004;2;10005;22;;;10001.0;570.0
-1;74000;PEARLS;9995;21;;;;;10005;21;;;;;10000.0;570.0
-1;74000;BANANAS;4938;21;;;;;4941;3;4945;21;;;4939.5;229.9296875
-1;74100;BANANAS;4939;2;4938;26;;;4944;2;4945;24;;;4941.5;230.34375
-1;74100;PEARLS;9998;2;9996;2;9995;24;10004;2;10005;24;;;10001.0;570.0
-1;74200;BANANAS;4938;29;;;;;4945;29;;;;;4941.5;227.625
-1;74200;PEARLS;9995;29;;;;;10005;29;;;;;10000.0;570.0
-1;74300;BANANAS;4938;13;;;;;4944;24;;;;;4941.0;226.609375
-1;74300;PEARLS;9995;24;;;;;10005;24;;;;;10000.0;570.0
-1;74400;PEARLS;9995;21;;;;;10005;21;;;;;10000.0;570.0
-1;74400;BANANAS;4938;21;;;;;4939;1;4945;21;;;4938.5;234.640625
-1;74500;BANANAS;4941;1;4938;27;;;4945;27;;;;;4943.0;234.828125
-1;74500;PEARLS;9995;27;;;;;10005;27;;;;;10000.0;570.0
-1;74600;BANANAS;4938;28;;;;;4944;29;;;;;4941.0;228.6640625
-1;74600;PEARLS;9996;2;9995;27;;;10004;2;10005;27;;;10000.0;570.0
-1;74700;BANANAS;4938;2;4937;20;;;4944;22;;;;;4941.0;226.671875
-1;74700;PEARLS;9996;2;9995;20;;;9998;1;10004;2;10005;20;9997.0;570.0
-1;74800;PEARLS;9996;2;9995;22;;;9998;2;10004;2;10005;22;9997.0;572.0
-1;74800;BANANAS;4938;2;4937;22;;;4944;24;;;;;4941.0;225.21875
-1;74900;BANANAS;4937;22;;;;;4942;3;4943;1;4944;21;4939.5;214.953125
-1;74900;PEARLS;9996;1;9995;21;;;9998;1;10002;3;10004;1;9997.0;576.0
-1;75000;BANANAS;4937;2;4936;23;;;4943;25;;;;;4940.0;210.390625
-1;75000;PEARLS;9996;2;9995;23;;;10004;2;10005;23;;;10000.0;578.0
-1;75100;BANANAS;4937;7;4936;21;;;4943;23;;;;;4940.0;210.5625
-1;75100;PEARLS;10002;1;10000;4;9998;5;10004;2;10005;21;;;10003.0;578.0
-1;75200;PEARLS;9996;1;9995;28;;;10004;1;10005;28;;;10000.0;580.0
-1;75200;BANANAS;4941;13;4937;29;;;4943;29;;;;;4942.0;212.6640625
-1;75300;BANANAS;4936;27;;;;;4937;1;4943;27;;;4936.5;225.78515625
-1;75300;PEARLS;9995;27;;;;;10005;27;;;;;10000.0;580.0
-1;75400;BANANAS;4941;5;4937;28;;;4943;2;4944;26;;;4942.0;230.060546875
-1;75400;PEARLS;9996;2;9995;26;;;10004;2;10005;26;;;10000.0;580.0
-1;75500;BANANAS;4937;1;4936;23;;;4943;24;;;;;4940.0;234.1162109375
-1;75500;PEARLS;9996;1;9995;23;;;10004;1;10005;23;;;10000.0;580.0
-1;75600;PEARLS;9995;30;;;;;10002;9;10005;30;;;9998.5;580.0
-1;75600;BANANAS;4937;30;;;;;4941;9;4943;30;;;4939.0;234.02880859375
-1;75700;BANANAS;4937;20;;;;;4941;1;4943;20;;;4939.0;233.982421875
-1;75700;PEARLS;9995;20;;;;;10002;1;10005;20;;;9998.5;580.0
-1;75800;BANANAS;4936;31;;;;;4942;2;4943;29;;;4939.0;234.93115234375
-1;75800;PEARLS;9996;2;9995;29;;;10004;2;10005;29;;;10000.0;580.0
-1;75900;BANANAS;4936;21;;;;;4939;1;4943;21;;;4937.5;234.609375
-1;75900;PEARLS;9996;1;9995;20;;;10004;1;10005;20;;;10000.0;580.0
-1;76000;PEARLS;10000;4;9995;21;;;10002;9;10005;21;;;10001.0;580.0
-1;76000;BANANAS;4936;21;;;;;4941;9;4943;21;;;4938.5;235.0
-1;76100;BANANAS;4936;26;;;;;4943;26;;;;;4939.5;235.0
-1;76100;PEARLS;9996;1;9995;25;;;10004;1;10005;25;;;10000.0;580.0
-1;76200;BANANAS;4936;20;;;;;4943;20;;;;;4939.5;235.0
-1;76200;PEARLS;9995;20;;;;;10005;20;;;;;10000.0;580.0
-1;76300;BANANAS;4936;21;;;;;4943;22;;;;;4939.5;235.0
-1;76300;PEARLS;9996;1;9995;21;;;9998;12;10004;1;10005;21;9997.0;580.0
-1;76400;BANANAS;4935;28;;;;;4942;28;;;;;4938.5;235.0
-1;76400;PEARLS;9996;2;9995;26;;;10004;2;10005;26;;;10000.0;580.0
-1;76500;PEARLS;9996;1;9995;20;;;10004;1;10005;20;;;10000.0;580.0
-1;76500;BANANAS;4935;21;;;;;4941;1;4942;20;;;4938.0;235.0
-1;76600;BANANAS;4940;1;4934;30;;;4941;30;;;;;4940.5;235.0
-1;76600;PEARLS;9995;30;;;;;10005;30;;;;;10000.0;580.0
-1;76700;BANANAS;4936;1;4935;26;;;4941;1;4942;25;;;4938.5;236.84228515625
-1;76700;PEARLS;9998;1;9996;1;9995;25;10004;1;10005;25;;;10001.0;580.0
-1;76800;PEARLS;9996;2;9995;25;;;10004;2;10005;25;;;10000.0;580.0
-1;76800;BANANAS;4935;26;;;;;4942;27;;;;;4938.5;236.5703125
-1;76900;PEARLS;9996;2;9995;21;;;10004;2;10005;21;;;10000.0;580.0
-1;76900;BANANAS;4935;23;;;;;4942;23;;;;;4938.5;236.5966796875
-1;77000;PEARLS;9996;2;9995;30;;;10004;2;10005;30;;;10000.0;580.0
-1;77000;BANANAS;4935;32;;;;;4941;2;4942;30;;;4938.0;236.837890625
-1;77100;BANANAS;4935;29;;;;;4942;30;;;;;4938.5;236.57421875
-1;77100;PEARLS;9996;1;9995;29;;;10004;1;10005;29;;;10000.0;580.0
-1;77200;PEARLS;9996;1;9995;29;;;10004;1;10005;29;;;10000.0;580.0
-1;77200;BANANAS;4935;1;4934;29;;;4941;30;;;;;4938.0;237.23681640625
-1;77300;PEARLS;9996;1;9995;23;;;10004;1;10005;23;;;10000.0;580.0
-1;77300;BANANAS;4935;24;;;;;4941;1;4942;23;;;4938.0;236.81591796875
-1;77400;PEARLS;9996;1;9995;21;;;10004;1;10005;21;;;10000.0;580.0
-1;77400;BANANAS;4935;1;4934;21;;;4941;22;;;;;4938.0;237.0439453125
-1;77500;BANANAS;4935;28;;;;;4941;2;4942;26;;;4938.0;236.8720703125
-1;77500;PEARLS;9996;2;9995;26;;;9998;3;10004;2;10005;26;9997.0;580.0
-1;77600;PEARLS;9996;1;9995;30;;;10004;1;10005;30;;;10000.0;586.0
-1;77600;BANANAS;4935;31;;;;;4941;1;4942;30;;;4938.0;236.9326171875
-1;77700;PEARLS;9998;4;9995;28;;;10005;28;;;;;10001.5;586.0
-1;77700;BANANAS;4935;5;4934;28;;;4941;28;;;;;4938.0;237.39990234375
-1;77800;PEARLS;9995;29;;;;;10005;29;;;;;10000.0;586.0
-1;77800;BANANAS;4934;29;;;;;4941;29;;;;;4937.5;237.17822265625
-1;77900;PEARLS;9996;2;9995;24;;;9998;1;10004;2;10005;24;9997.0;586.0
-1;77900;BANANAS;4935;26;;;;;4942;26;;;;;4938.5;236.3408203125
